{"event": "subscribe", "arg": {"instType": "SPOT", "channel": "books", "instId": "BTCUSDT"}, "record_time": 1742544102.627233, "EXCHANGE": "BITGET"}
{"action": "snapshot", "arg": {"instType": "SPOT", "channel": "books", "instId": "BTCUSDT"}, "data": [{"asks": [["83963.64", "0.838226"], ["83963.65", "0.000270"], ["83964.42", "0.462160"], ["83964.43", "1.427799"], ["83966.07", "0.112871"], ["83966.40", "0.063360"], ["83966.41", "0.209200"], ["83970.00", "0.002000"], ["83970.93", "0.194671"], ["83970.94", "0.314635"], ["83971.39", "0.004300"], ["83971.41", "0.008055"], ["83974.80", "0.209200"], ["83975.10", "0.001024"], ["83976.76", "0.000508"], ["83977.10", "0.001493"], ["83979.10", "0.003930"], ["83981.10", "0.010342"], ["83981.22", "0.610840"], ["83981.23", "2.605342"], ["83983.10", "0.027216"], ["83985.09", "0.067637"], ["83985.10", "0.071621"], ["83986.98", "0.017155"], ["83987.10", "0.188476"], ["83987.87", "0.179631"], ["83989.10", "0.495936"], ["83989.99", "0.025968"], ["83990.00", "0.000896"], ["83991.10", "1.305096"], ["83992.18", "0.022999"], ["83992.89", "0.072600"], ["83993.10", "3.434631"], ["83993.72", "0.023108"], ["83995.10", "9.038503"], ["83995.20", "0.006300"], ["83995.40", "0.086640"], ["83995.90", "0.001031"], ["83996.00", "0.001037"], ["83996.26", "0.209200"], ["83996.40", "0.143310"], ["83996.60", "0.071670"], ["83996.70", "0.023940"], ["83997.00", "3.154350"], ["83997.23", "0.714309"], ["83997.30", "0.071460"], ["83997.70", "0.182640"], ["83998.00", "0.007050"], ["83998.10", "0.071460"], ["83998.20", "0.017850"], ["83998.30", "0.120000"], ["83998.80", "0.249120"], ["83999.00", "0.002377"], ["83999.20", "0.017850"], ["83999.40", "0.535950"], ["83999.50", "0.288000"], ["84000.00", "0.002404"], ["84000.40", "1.023120"], ["84000.60", "0.030000"], ["84000.70", "0.030000"], ["84000.80", "0.572100"], ["84001.80", "0.035730"], ["84002.00", "0.080250"], ["84002.20", "0.144810"], ["84002.80", "0.143100"], ["84002.90", "0.444000"], ["84003.00", "0.013920"], ["84003.10", "0.178650"], ["84003.20", "0.071460"], ["84003.50", "1.350000"], ["84004.10", "0.276000"], ["84006.62", "1.785573"], ["84009.01", "0.209200"], ["84017.40", "0.209200"], ["84018.71", "0.001810"], ["84025.99", "0.209200"], ["84027.76", "0.003620"], ["84030.00", "0.002000"], ["84034.37", "0.209200"], ["84037.10", "4.991453"], ["84045.47", "0.057001"], ["84045.50", "4.900700"], ["84051.13", "0.209200"], ["84053.90", "5.445222"], ["84056.13", "0.000041"], ["84058.29", "0.001720"], ["84059.05", "0.071253"], ["84059.51", "0.209200"], ["84060.00", "0.002000"], ["84061.09", "0.071045"], ["84062.30", "4.356178"], ["84070.70", "3.902409"], ["84076.27", "0.209200"], ["84079.10", "4.628439"], ["84080.64", "0.125847"], ["84084.50", "0.000022"], ["84084.66", "0.209200"], ["84086.72", "0.000146"], ["84087.50", "5.354468"], ["84090.00", "0.002000"], ["84093.05", "0.209200"], ["84095.53", "0.000013"], ["84095.90", "4.537685"], ["84098.55", "0.026416"], ["84100.00", "0.000656"], ["84101.44", "0.209200"], ["84104.00", "0.001184"], ["84104.30", "4.719192"], ["84106.70", "0.000958"], ["84107.68", "0.000022"], ["84109.83", "0.209200"], ["84111.20", "0.200966"], ["84112.50", "0.000076"], ["84112.70", "5.263714"], ["84115.44", "0.000153"], ["84116.94", "0.000028"], ["84120.00", "0.002011"], ["84121.10", "4.265424"], ["84121.21", "0.000010"], ["84121.93", "0.000069"], ["84125.00", "0.007104"], ["84126.22", "0.000053"], ["84126.55", "0.209200"], ["84127.27", "0.000010"], ["84129.50", "4.174670"], ["84134.95", "0.209200"], ["84137.90", "4.083916"], ["84140.96", "0.000013"], ["84142.86", "0.000081"], ["84143.35", "0.209200"], ["84146.30", "4.809946"], ["84146.34", "0.000016"], ["84150.00", "0.002031"], ["84151.75", "0.209200"], ["84154.70", "5.535976"], ["84155.83", "0.000019"], ["84160.00", "0.000025"], ["84160.15", "0.209200"], ["84161.91", "0.010000"], ["84162.50", "0.000031"], ["84163.10", "4.446931"], ["84163.92", "0.000010"], ["84166.67", "0.000362"], ["84168.55", "0.209200"], ["84169.49", "0.001213"], ["84170.00", "0.000107"], ["84171.50", "5.082207"], ["84174.51", "0.000388"], ["84174.61", "0.000043"], ["84176.95", "0.209200"], ["84179.90", "5.626729"], ["84180.00", "0.002000"], ["84180.09", "0.000033"], ["84181.81", "0.001547"], ["84183.50", "0.000113"], ["84185.35", "0.209200"], ["84188.30", "3.993163"], ["84188.46", "0.001182"], ["84190.00", "0.000052"], ["84191.18", "0.000041"], ["84192.98", "0.000033"], ["84193.75", "0.209200"], ["84194.12", "0.000071"], ["84196.70", "5.172961"], ["84196.77", "0.000020"], ["84197.27", "0.000016"], ["84200.00", "0.003412"], ["84203.00", "0.000008"], ["84205.79", "0.000011"], ["84205.88", "0.000071"], ["84206.90", "0.000008"], ["84208.00", "0.000012"], ["84210.00", "0.002000"], ["84212.00", "0.000012"], ["84212.50", "0.006969"], ["84214.29", "0.000033"], ["84214.88", "0.000161"], ["84216.22", "0.000008"], ["84216.67", "0.000970"], ["84216.87", "0.000008"], ["84222.03", "0.000013"], ["84222.22", "0.000898"], ["84223.65", "0.000178"], ["84224.14", "0.000016"], ["84224.62", "0.000022"], ["84225.88", "0.000024"], ["84226.42", "0.000096"], ["84230.00", "0.000023"], ["84230.76", "0.000008"], ["84230.77", "0.000103"], ["84233.16", "0.000023"], ["84233.33", "0.000090"], ["84233.34", "0.000119"], ["84233.38", "0.001273"], ["84233.87", "0.000039"], ["84234.04", "0.000137"], ["84234.07", "0.000039"], ["84234.23", "0.000051"], ["84235.22", "0.000099"], ["84235.23", "0.000051"], ["84235.29", "0.041940"], ["84235.71", "0.000074"], ["84238.10", "0.000024"], ["84238.89", "0.000134"], ["84239.13", "0.000010"], ["84240.00", "0.002472"], ["84242.60", "0.000537"], ["84246.15", "0.000015"], ["84250.00", "0.002642"], ["84252.44", "0.000143"], ["84254.39", "0.000022"], ["84254.55", "0.000009"], ["84256.00", "0.000022"], ["84256.79", "0.000314"], ["84259.00", "0.000120"], ["84259.12", "0.000009"], ["84259.87", "0.000093"], ["84259.99", "0.000017"], ["84260.00", "0.000012"], ["84266.08", "0.000016"], ["84266.67", "0.002899"], ["84267.78", "0.000010"], ["84269.24", "0.000032"], ["84270.00", "0.002000"], ["84270.27", "0.000009"], ["84270.98", "0.000052"], ["84271.10", "0.000019"], ["84272.72", "0.000105"], ["84272.73", "0.000016"], ["84273.33", "0.000013"], ["84275.00", "0.001542"], ["84276.28", "0.000009"], ["84277.78", "0.000011"], ["84280.00", "0.000364"], ["84280.70", "0.000033"], ["84281.56", "0.017891"], ["84282.35", "0.000071"], ["84282.39", "0.000135"], ["84282.82", "0.000012"], ["84283.33", "0.000010"], ["84283.87", "0.000020"], ["84285.00", "0.000031"], ["84285.71", "0.000080"], ["84285.95", "0.000028"], ["84286.67", "0.000009"], ["84286.79", "0.000016"], ["84287.50", "0.000076"], ["84288.85", "1.717804"], ["84288.89", "0.000361"], ["84289.58", "0.000008"], ["84294.12", "0.000071"], ["84294.68", "0.000019"], ["84297.06", "0.000035"], ["84298.31", "0.000023"], ["84300.00", "0.012243"], ["84301.47", "0.000041"], ["84302.88", "0.000067"], ["84307.00", "0.000113"], ["84307.23", "0.000008"], ["84309.09", "0.000010"], ["84310.34", "0.000331"], ["84310.35", "0.000146"], ["84311.11", "0.000025"], ["84312.50", "0.000125"], ["84313.03", "0.000024"], ["84316.67", "0.000322"], ["84317.24", "0.000135"], ["84317.40", "0.000010"], ["84318.59", "0.000027"], ["84319.15", "0.000137"], ["84319.18", "0.000039"], ["84320.00", "0.000019"], ["84322.11", "0.000008"], ["84324.32", "0.000059"], ["84325.00", "0.001624"], ["84325.07", "0.000161"], ["84326.09", "0.000010"], ["84326.42", "0.000023"], ["84327.14", "0.000039"], ["84327.73", "0.041940"], ["84328.95", "0.000174"], ["84329.64", "0.000026"], ["84330.00", "0.002000"], ["84332.00", "0.000008"], ["84333.33", "0.002262"], ["84333.36", "0.000010"], ["84333.38", "0.000008"], ["84334.48", "0.000096"], ["84334.77", "0.000022"], ["84336.00", "0.000133"], ["84336.23", "0.000013"], ["84336.29", "0.000010"], ["84336.34", "0.000176"], ["84337.25", "0.000067"], ["84337.35", "0.000008"], ["84338.46", "0.000015"], ["84339.21", "0.000010"], ["84339.29", "0.000029"], ["84339.62", "0.000051"], ["84340.00", "0.018045"], ["84340.72", "0.000066"], ["84341.01", "0.000008"], ["84342.11", "0.000051"], ["84342.63", "0.000009"], ["84342.70", "0.000423"], ["84343.07", "0.000014"], ["84343.70", "0.000075"], ["84343.75", "0.000012"], ["84343.97", "0.000188"], ["84346.43", "0.000128"], ["84346.94", "0.000085"], ["84347.69", "0.000009"], ["84347.83", "0.016818"], ["84348.21", "0.000036"], ["84348.27", "0.012402"], ["84348.62", "0.000072"], ["84350.00", "0.001583"], ["84350.70", "0.004300"], ["84350.79", "0.000033"], ["84352.70", "0.912052"], ["84354.58", "0.000115"], ["84354.64", "0.000018"], ["84354.82", "0.000078"], ["84354.84", "0.000194"], ["84357.14", "0.000273"], ["84358.29", "0.000024"], ["84359.83", "0.000010"], ["84360.00", "0.002661"], ["84363.63", "0.000057"], ["84363.64", "0.000078"], ["84366.14", "0.000162"], ["84366.15", "0.000061"], ["84366.19", "0.000022"], ["84366.60", "0.000011"], ["84366.96", "0.000018"], ["84367.10", "0.000014"], ["84367.82", "0.000476"], ["84368.38", "0.000009"], ["84368.42", "0.000284"], ["84370.00", "0.000052"], ["84370.59", "0.000071"], ["84370.97", "0.000020"], ["84371.86", "0.000012"], ["84375.00", "0.003336"], ["84376.31", "0.000016"], ["84378.11", "0.000008"], ["84378.38", "0.000009"], ["84378.45", "0.000015"], ["84380.00", "0.031680"], ["84381.82", "0.000008"], ["84382.00", "0.000035"], ["84382.35", "0.000071"], ["84383.41", "0.000053"], ["84383.69", "0.000248"], ["84384.38", "0.000424"], ["84384.61", "0.000008"], ["84386.19", "0.000019"], ["84386.67", "0.000013"], ["84387.50", "0.006969"], ["84387.76", "0.000024"], ["84389.61", "0.000088"], ["84390.00", "0.002000"], ["84390.01", "0.000387"], ["84391.30", "0.000018"], ["84393.31", "0.000050"], ["84396.55", "0.000016"], ["84396.98", "0.007500"], ["84397.59", "0.000008"], ["84397.69", "0.000275"], ["84398.26", "0.000068"], ["84399.54", "0.000030"], ["84399.91", "0.000018"], ["84399.99", "0.000022"], ["84400.00", "0.059194"], ["84400.18", "0.000024"], ["84402.40", "0.001273"], ["84403.39", "0.000023"], ["84403.76", "0.000099"], ["84403.98", "0.007500"], ["84404.26", "0.000137"], ["84404.28", "0.000039"], ["84406.83", "0.000064"], ["84407.50", "0.000031"], ["84410.00", "0.000059"], ["84410.04", "0.000025"], ["84411.11", "0.000361"], ["84411.43", "0.000008"], ["84411.76", "0.000101"], ["84411.77", "0.000020"], ["84412.50", "0.000049"], ["84413.04", "0.000010"], ["84413.33", "0.000073"], ["84413.79", "0.000135"], ["84414.29", "0.000074"], ["84414.41", "0.000051"], ["84415.09", "0.000008"], ["84416.67", "0.000355"], ["84418.34", "0.000046"], ["84419.69", "0.000023"], ["84420.00", "0.003442"], ["84420.17", "0.041940"], ["84422.71", "0.000010"], ["84423.08", "0.000067"], ["84423.53", "0.000105"], ["84424.00", "0.000022"], ["84424.12", "0.000146"], ["84425.00", "0.001535"], ["84425.69", "0.000314"], ["84426.68", "0.000101"], ["84427.08", "0.000014"], ["84427.92", "0.000323"], ["84428.57", "0.000057"], ["84429.82", "0.000022"], ["84430.50", "0.000113"], ["84430.74", "0.000010"], ["84430.77", "0.000015"], ["84431.23", "0.000039"], ["84432.43", "0.000008"], ["84433.33", "0.000347"], ["84434.78", "0.000008"], ["84435.26", "0.000161"], ["84436.26", "0.000009"], ["84437.14", "0.000017"], ["84437.50", "0.000725"], ["84437.75", "0.000013"], ["84438.44", "0.000176"], ["84440.00", "0.000008"], ["84442.54", "0.000096"], ["84443.07", "0.000423"], ["84444.25", "0.000013"], ["84444.41", "0.000371"], ["84444.44", "0.000574"], ["84444.92", "0.000022"], ["84446.04", "0.000016"], ["84446.38", "0.000013"], ["84446.43", "0.000036"], ["84447.80", "0.000718"], ["84448.75", "0.000066"], ["84448.98", "0.000085"], ["84449.11", "0.000028"], ["84449.34", "0.000010"], ["84450.00", "0.009386"], ["84451.88", "0.000010"], ["84452.66", "0.000009"], ["84453.76", "0.000054"], ["84454.43", "0.000061"], ["84454.53", "0.000019"], ["84454.55", "0.000083"], ["84454.60", "0.000093"], ["84455.31", "0.000028"], ["84456.14", "0.000033"], ["84456.52", "0.002633"], ["84457.00", "0.000009"], ["84458.06", "0.000020"], ["84458.72", "0.000072"], ["84458.82", "0.000071"], ["84458.97", "0.000153"], ["84459.08", "0.000008"], ["84459.22", "0.000188"], ["84459.69", "0.000051"], ["84460.00", "0.000086"], ["84460.23", "0.000010"], ["84460.49", "0.000009"], ["84460.87", "0.000069"], ["84460.91", "0.000012"], ["84461.00", "0.000008"], ["84462.50", "0.000076"], ["84464.28", "0.000008"], ["84465.83", "0.000016"], ["84466.67", "0.000157"], ["84470.34", "0.000017"], ["84470.59", "0.000071"], ["84473.14", "0.000126"], ["84473.68", "0.000192"], ["84474.78", "0.000099"], ["84475.00", "0.008602"], ["84475.81", "0.000039"], ["84476.97", "0.000063"], ["84477.61", "0.000095"], ["84477.67", "0.000008"], ["84478.74", "0.000036"], ["84479.37", "0.000090"], ["84480.00", "0.004066"], ["84481.00", "0.000069"], ["84481.77", "0.000011"], ["84482.67", "0.000133"], ["84482.76", "0.000016"], ["84485.20", "0.000537"], ["84485.39", "0.000020"], ["84485.71", "0.000128"], ["84485.98", "0.000034"], ["84486.49", "0.000009"], ["84486.82", "0.000135"], ["84487.00", "0.000119"], ["84487.16", "0.000035"], ["84487.32", "0.000024"], ["84487.95", "0.000008"], ["84489.36", "0.000137"], ["84489.39", "0.000039"], ["84489.80", "0.000010"]], "bids": [["83963.63", "0.566664"], ["83959.45", "0.000218"], ["83959.32", "0.112871"], ["83956.83", "0.051475"], ["83956.25", "0.104388"], ["83955.23", "0.209200"], ["83951.29", "0.055990"], ["83951.28", "0.039291"], ["83951.19", "0.016027"], ["83951.18", "0.007312"], ["83951.17", "0.009731"], ["83951.13", "0.006894"], ["83951.11", "0.007807"], ["83951.07", "0.009597"], ["83950.45", "0.008516"], ["83950.42", "0.009210"], ["83950.41", "0.008021"], ["83950.39", "0.013103"], ["83950.37", "0.011906"], ["83950.36", "0.009420"], ["83950.34", "0.007181"], ["83950.32", "0.005929"], ["83949.88", "0.007463"], ["83949.83", "0.009224"], ["83948.65", "0.008440"], ["83948.53", "0.005284"], ["83948.44", "0.008610"], ["83947.86", "0.088381"], ["83947.85", "0.227425"], ["83947.00", "0.005606"], ["83946.96", "0.004835"], ["83946.93", "0.010304"], ["83946.92", "0.009878"], ["83946.89", "0.008549"], ["83946.25", "0.008909"], ["83946.24", "0.010351"], ["83946.20", "0.008730"], ["83946.00", "0.000015"], ["83945.35", "0.454271"], ["83945.34", "1.427720"], ["83945.00", "0.000015"], ["83944.00", "0.000015"], ["83943.00", "0.000015"], ["83942.71", "0.008104"], ["83942.67", "0.005059"], ["83942.61", "0.008277"], ["83942.00", "0.000015"], ["83941.00", "0.000015"], ["83940.00", "0.161772"], ["83939.99", "0.256853"], ["83939.96", "0.314635"], ["83939.28", "0.012597"], ["83939.00", "0.000015"], ["83938.00", "0.000032"], ["83937.00", "0.000032"], ["83936.00", "0.000032"], ["83935.00", "0.000032"], ["83934.42", "0.026068"], ["83934.41", "0.072600"], ["83934.00", "0.000032"], ["83933.01", "0.014229"], ["83933.00", "0.000032"], ["83932.00", "0.000032"], ["83931.00", "0.001050"], ["83930.00", "0.000017"], ["83929.00", "0.001041"], ["83928.56", "0.903020"], ["83928.55", "2.999916"], ["83928.00", "0.000032"], ["83927.08", "0.007447"], ["83927.00", "0.001006"], ["83926.00", "0.000032"], ["83925.68", "0.010000"], ["83925.00", "0.001006"], ["83924.08", "0.008586"], ["83924.00", "0.000032"], ["83923.67", "0.288320"], ["83923.66", "0.714935"], ["83923.00", "0.001005"], ["83922.77", "0.003982"], ["83922.00", "0.000032"], ["83921.99", "0.209200"], ["83921.51", "0.017155"], ["83921.00", "0.001020"], ["83920.16", "0.007349"], ["83920.01", "0.007259"], ["83920.00", "0.000032"], ["83919.96", "0.007664"], ["83919.00", "0.001318"], ["83918.00", "0.000032"], ["83917.00", "0.003469"], ["83916.00", "0.000032"], ["83915.00", "0.009130"], ["83914.00", "0.000032"], ["83913.55", "0.120194"], ["83913.54", "0.209200"], ["83913.00", "0.024024"], ["83911.00", "0.063221"], ["83910.90", "0.001011"], ["83910.70", "0.001021"], ["83910.00", "0.002000"], ["83908.00", "0.085050"], ["83907.20", "0.072660"], ["83907.10", "2.359890"], ["83907.00", "0.003958"], ["83906.60", "0.432840"], ["83906.50", "0.144810"], ["83906.10", "0.077400"], ["83906.00", "0.362580"], ["83905.80", "0.022800"], ["83905.50", "0.038310"], ["83905.16", "0.038600"], ["83904.30", "0.004080"], ["83904.20", "0.320550"], ["83904.00", "0.084568"], ["83903.60", "0.260160"], ["83903.30", "0.255720"], ["83902.70", "0.015000"], ["83902.20", "0.045000"], ["83902.00", "1.000000"], ["83901.80", "0.465120"], ["83901.70", "0.045000"], ["83901.57", "0.044933"], ["83901.56", "0.209200"], ["83900.00", "0.096868"], ["83899.60", "0.143100"], ["83898.70", "3.387510"], ["83898.50", "1.787874"], ["83897.00", "0.000015"], ["83891.43", "0.004468"], ["83891.42", "0.014893"], ["83889.00", "0.000017"], ["83885.74", "0.062760"], ["83885.73", "0.209200"], ["83880.00", "0.002000"], ["83869.00", "4.719192"], ["83860.61", "0.665249"], ["83860.60", "4.174670"], ["83858.85", "0.209200"], ["83852.20", "5.082207"], ["83849.64", "0.209200"], ["83845.88", "0.000359"], ["83844.52", "0.001810"], ["83843.80", "4.991453"], ["83839.99", "0.071253"], ["83836.13", "0.003620"], ["83835.41", "0.025195"], ["83835.40", "5.535976"], ["83833.22", "0.209200"], ["83832.02", "0.057001"], ["83827.82", "0.071045"], ["83827.00", "5.445222"], ["83826.86", "0.001818"], ["83820.77", "0.125865"], ["83820.00", "0.002000"], ["83818.60", "3.993163"], ["83810.20", "4.628439"], ["83804.86", "0.209200"], ["83801.80", "4.446931"], ["83800.00", "0.000012"], ["83798.00", "0.000353"], ["83794.98", "0.209200"], ["83793.40", "5.626729"], ["83790.00", "0.002000"], ["83786.59", "0.209200"], ["83785.51", "0.000023"], ["83785.00", "4.809946"], ["83778.20", "0.209200"], ["83776.60", "4.265424"], ["83768.20", "4.356178"], ["83761.87", "0.209200"], ["83760.00", "0.002000"], ["83759.80", "5.172961"], ["83751.40", "4.537685"], ["83750.61", "0.005970"], ["83750.00", "0.209200"], ["83749.95", "0.000010"], ["83749.66", "0.000016"], ["83749.50", "0.000069"], ["83749.33", "0.000133"], ["83749.19", "0.000010"], ["83749.00", "0.000250"], ["83748.54", "0.000012"], ["83746.09", "0.000010"], ["83745.16", "0.000389"], ["83744.52", "0.000159"], ["83743.00", "4.900700"], ["83741.60", "0.209200"], ["83741.00", "0.100000"], ["83740.51", "0.000423"], ["83740.00", "0.000064"], ["83739.60", "0.000048"], ["83739.28", "0.000051"], ["83739.13", "0.000008"], ["83737.93", "0.000135"], ["83737.37", "0.000012"], ["83737.00", "0.000009"], ["83736.94", "0.000104"], ["83736.84", "0.000183"], ["83736.33", "0.000025"], ["83734.69", "0.000085"], ["83734.60", "5.263714"], ["83733.33", "0.003222"], ["83733.20", "0.209200"], ["83732.10", "0.000009"], ["83731.48", "0.000124"], ["83730.00", "0.002000"], ["83729.73", "0.000009"], ["83729.39", "0.000008"], ["83729.32", "0.000035"], ["83728.57", "0.000017"], ["83728.37", "0.001273"], ["83728.07", "0.000022"], ["83727.71", "0.000009"], ["83727.27", "0.000082"], ["83726.20", "3.902409"], ["83725.00", "0.001829"], ["83724.80", "0.209200"], ["83723.72", "0.000176"], ["83723.64", "0.000009"], ["83723.61", "0.000883"], ["83723.43", "0.000039"], ["83723.40", "0.000205"], ["83721.56", "0.000015"], ["83720.00", "0.002437"], ["83719.46", "0.000053"], ["83718.75", "0.000012"], ["83717.93", "0.000065"], ["83717.80", "5.354468"], ["83717.46", "0.000009"], ["83717.45", "0.000040"], ["83717.39", "0.000010"], ["83716.40", "0.209200"], ["83715.48", "0.000010"], ["83714.29", "0.009987"], ["83714.28", "0.000836"], ["83713.80", "0.000024"], ["83713.71", "0.000323"], ["83713.40", "0.000161"], ["83711.93", "0.000018"], ["83711.40", "0.000948"], ["83710.66", "0.001720"], ["83710.00", "0.000023"], ["83709.88", "0.000107"], ["83709.40", "4.083916"], ["83708.00", "0.209200"], ["83707.07", "0.000067"], ["83707.00", "0.000597"], ["83706.90", "0.000016"], ["83706.67", "0.000013"], ["83705.85", "0.000019"], ["83705.32", "0.000065"], ["83705.18", "0.000009"], ["83703.70", "0.000499"], ["83703.00", "0.000024"], ["83702.93", "0.000050"], ["83702.60", "0.000039"], ["83702.50", "0.000033"], ["83702.48", "0.000057"], ["83701.92", "0.000067"], ["83701.28", "0.000248"], ["83700.00", "0.008889"], ["83699.88", "0.000008"], ["83699.60", "0.209200"], ["83697.34", "0.000972"], ["83697.23", "0.000095"], ["83695.65", "0.003535"], ["83695.63", "0.000011"], ["83693.69", "0.000051"], ["83692.52", "0.000066"], ["83692.38", "0.000007"], ["83692.31", "0.000031"], ["83691.74", "0.000653"], ["83691.20", "0.209200"], ["83690.84", "0.000162"], ["83690.48", "0.000248"], ["83689.78", "0.001684"], ["83689.50", "0.000113"], ["83688.89", "0.000009"], ["83688.07", "0.000072"], ["83688.00", "0.001184"], ["83687.50", "0.006969"], ["83687.00", "0.000008"], ["83686.11", "0.000096"], ["83684.21", "0.000102"], ["83683.67", "0.000184"], ["83682.80", "0.209200"], ["83681.82", "0.000175"], ["83680.67", "0.041940"], ["83680.00", "0.000482"], ["83679.44", "0.000361"], ["83678.41", "0.000010"], ["83678.08", "0.000145"], ["83676.47", "0.000080"], ["83675.68", "0.000008"], ["83675.62", "0.000011"], ["83675.36", "0.000013"], ["83675.20", "0.000018"], ["83675.00", "0.001901"], ["83674.70", "0.000008"], ["83674.40", "0.209200"], ["83674.19", "0.000020"], ["83674.00", "0.001195"], ["83673.87", "0.000022"], ["83673.58", "0.000023"], ["83672.96", "0.002168"], ["83672.50", "0.000031"], ["83672.25", "0.004023"], ["83672.00", "0.000035"], ["83671.36", "0.000099"], ["83670.59", "0.000105"], ["83670.05", "0.000033"], ["83670.00", "0.003500"], ["83669.87", "0.026416"], ["83669.66", "0.000010"], ["83669.58", "0.000251"], ["83669.09", "0.000135"], ["83667.80", "0.000023"], ["83667.23", "0.012503"], ["83666.67", "0.001986"], ["83666.66", "0.000513"], ["83666.65", "0.000122"], ["83666.00", "0.479627"], ["83664.71", "0.000071"], ["83664.19", "0.000073"], ["83663.98", "0.000008"], ["83663.95", "0.000022"], ["83663.91", "0.000161"], ["83662.50", "0.000077"], ["83661.97", "0.000052"], ["83661.60", "0.000042"], ["83661.08", "0.004152"], ["83660.71", "0.000309"], ["83660.14", "0.000016"], ["83660.00", "0.000037"], ["83659.61", "0.000454"], ["83659.49", "0.000012"], ["83658.54", "0.000036"], ["83657.60", "0.209200"], ["83657.51", "0.005970"], ["83656.60", "0.000607"], ["83654.23", "0.000009"], ["83653.94", "0.000133"], ["83653.67", "0.001695"], ["83653.31", "0.000015"], ["83652.80", "0.000119"], ["83652.48", "0.000188"], ["83651.65", "0.000018"], ["83651.38", "0.000046"], ["83651.16", "0.000896"], ["83650.84", "0.003326"], ["83650.00", "0.031580"], ["83649.20", "0.209200"], ["83648.96", "0.000030"], ["83647.46", "0.000224"], ["83647.06", "0.000040"], ["83646.67", "0.000018"], ["83645.83", "0.000014"], ["83644.86", "0.000034"], ["83644.33", "0.000013"], ["83643.18", "0.000052"], ["83643.00", "1.020000"], ["83641.86", "0.000379"], ["83641.62", "0.002925"], ["83641.38", "0.000135"], ["83641.00", "0.000082"], ["83640.80", "0.209200"], ["83640.35", "0.000022"], ["83640.15", "0.000423"], ["83640.00", "0.000575"], ["83639.71", "0.000041"], ["83639.70", "0.000010"], ["83639.15", "0.000009"], ["83638.32", "0.000039"], ["83638.30", "0.000137"], ["83637.17", "0.000027"], ["83636.36", "0.000179"], ["83635.64", "0.000030"], ["83634.09", "0.000124"], ["83634.05", "0.000008"], ["83633.88", "0.000071"], ["83633.63", "0.000521"], ["83633.61", "0.000059"], ["83633.40", "0.000076"], ["83633.33", "0.000970"], ["83633.19", "0.007264"], ["83632.65", "0.000085"], ["83632.41", "0.209200"], ["83632.10", "0.000012"], ["83632.02", "0.000459"], ["83631.58", "0.000330"], ["83631.57", "0.000019"], ["83631.53", "0.000009"], ["83631.09", "0.002040"], ["83630.43", "0.000010"], ["83629.43", "0.000025"], ["83629.36", "0.000121"], ["83629.03", "0.000039"], ["83629.02", "0.000078"], ["83628.94", "0.000988"], ["83628.50", "0.000989"], ["83627.68", "0.000364"], ["83627.46", "0.000613"], ["83627.45", "0.000016"], ["83626.68", "0.000126"], ["83625.00", "0.002507"], ["83624.16", "0.000149"], ["83624.02", "0.209200"], ["83623.62", "0.000011"], ["83623.43", "0.000010"], ["83621.62", "0.000185"], ["83620.88", "0.000269"], ["83620.70", "0.000146"], ["83620.69", "0.000016"], ["83620.61", "0.000149"], ["83620.60", "0.001218"], ["83620.07", "0.000020"], ["83620.00", "0.000071"], ["83619.97", "0.000090"], ["83619.21", "0.000051"], ["83618.76", "0.000111"], ["83618.18", "0.000008"], ["83617.90", "0.000364"], ["83617.22", "1.600195"], ["83617.02", "0.000032"], ["83616.67", "0.000345"], ["83615.85", "0.000024"], ["83614.97", "0.000008"], ["83614.90", "0.000040"], ["83613.60", "0.000010"], ["83612.01", "0.000009"], ["83611.93", "0.000028"], ["83611.54", "0.000018"], ["83611.00", "0.000059"], ["83610.22", "0.000012"], ["83610.00", "0.001150"], ["83607.60", "0.000014"], ["83606.42", "0.000525"], ["83605.99", "0.000012"], ["83605.66", "0.000276"], ["83603.60", "0.000051"], ["83603.26", "0.000010"], ["83602.67", "0.000133"], ["83601.40", "0.000019"], ["83600.36", "0.000209"], ["83600.01", "0.000086"], ["83600.00", "0.047709"], ["83599.92", "0.000080"], ["83599.69", "0.001041"], ["83598.51", "0.000039"], ["83598.44", "0.000052"], ["83597.99", "0.000065"], ["83597.98", "0.000009"], ["83597.89", "0.000036"], ["83597.77", "0.000013"], ["83597.71", "0.006133"], ["83594.92", "0.000755"], ["83594.44", "0.000134"], ["83593.75", "0.000173"], ["83593.39", "0.000014"], ["83593.33", "0.000013"], ["83593.27", "0.001538"], ["83590.91", "0.000009"], ["83589.25", "0.000054"], ["83589.05", "0.000069"], ["83589.00", "0.000024"], ["83588.42", "0.000172"], ["83588.24", "0.042011"], ["83588.15", "0.000294"], ["83587.87", "0.000050"], ["83587.50", "0.000076"], ["83587.10", "0.000020"], ["83586.96", "0.002633"], ["83586.51", "0.000096"], ["83586.00", "0.000386"], ["83585.60", "0.000042"], ["83584.53", "0.000314"], ["83584.49", "0.000066"], ["83584.37", "0.000290"], ["83584.34", "0.000008"], ["83584.18", "0.000338"], ["83584.00", "0.000022"], ["83583.85", "0.000052"], ["83583.33", "0.000010"], ["83582.09", "0.000008"], ["83581.82", "0.000010"], ["83581.73", "0.000067"], ["83581.38", "0.000059"], ["83580.56", "0.000019"], ["83580.31", "0.000023"], ["83580.00", "0.000294"], ["83578.95", "0.000033"], ["83578.11", "0.000023"], ["83578.04", "0.000096"], ["83577.98", "0.000072"], ["83577.78", "0.000025"], ["83577.76", "0.000483"], ["83577.73", "0.000200"], ["83577.41", "0.000034"], ["83576.47", "0.000071"]], "checksum": 0, "ts": "1742544102519"}], "ts": 1742544102623, "record_time": 1742544102.749772, "EXCHANGE": "BITGET"}
{"action": "update", "arg": {"instType": "SPOT", "channel": "books", "instId": "BTCUSDT"}, "data": [{"asks": [["83963.65", "0.000678"], ["83997.00", "3.519720"], ["83998.70", "0.276000"], ["84000.50", "0.360000"], ["84000.80", "0.888420"], ["84001.70", "0.456720"], ["84003.50", "0"], ["84004.10", "0"], ["84037.10", "3.993163"], ["84045.50", "4.083916"], ["84053.90", "5.626729"], ["84062.30", "5.445222"], ["84070.70", "5.082207"], ["84079.10", "4.991453"], ["84087.50", "4.900700"], ["84095.90", "5.535976"], ["84104.30", "5.172961"], ["84112.70", "5.354468"], ["84121.10", "4.719192"], ["84129.50", "4.809946"], ["84137.90", "4.628439"], ["84146.30", "5.263714"], ["84154.70", "4.537685"], ["84171.50", "4.174670"], ["84179.90", "4.265424"], ["84188.30", "3.902409"], ["84196.70", "4.356178"], ["84489.80", "0"]], "bids": [["83956.83", "0"], ["83913.55", "0.086582"], ["83913.00", "0.024041"], ["83860.60", "4.900700"], ["83852.20", "4.628439"], ["83843.80", "5.445222"], ["83835.40", "4.991453"], ["83827.00", "4.446931"], ["83818.60", "4.174670"], ["83810.21", "0.033612"], ["83810.20", "5.082207"], ["83801.80", "3.993163"], ["83793.40", "5.172961"], ["83785.00", "5.626729"], ["83776.60", "5.354468"], ["83768.20", "4.265424"], ["83759.80", "4.537685"], ["83751.40", "4.356178"], ["83743.00", "5.263714"], ["83734.60", "5.535976"], ["83726.20", "4.809946"], ["83717.80", "4.083916"], ["83709.40", "3.902409"]], "checksum": 834214247, "ts": "1742544102730"}], "ts": 1742544102733, "record_time": 1742544102.758417, "EXCHANGE": "BITGET"}
{"action": "update", "arg": {"instType": "SPOT", "channel": "books", "instId": "BTCUSDT"}, "data": [{"asks": [["83963.64", "0.894966"], ["83963.65", "0.000408"], ["83985.09", "0"], ["84037.10", "5.354468"], ["84045.50", "5.172961"], ["84053.90", "4.628439"], ["84062.30", "4.265424"], ["84070.70", "4.174670"], ["84079.10", "5.445222"], ["84087.50", "4.356178"], ["84095.90", "4.900700"], ["84104.30", "4.809946"], ["84112.70", "5.263714"], ["84129.50", "4.083916"], ["84137.90", "4.446931"], ["84146.30", "3.993163"], ["84154.70", "3.902409"], ["84163.10", "5.535976"], ["84171.50", "5.082207"], ["84179.90", "4.537685"], ["84188.30", "4.991453"], ["84196.70", "5.626729"], ["84489.80", "0.000010"]], "bids": [["83957.07", "0.051475"], ["83920.17", "0.008147"], ["83919.00", "0.002540"], ["83917.00", "0.006685"], ["83915.00", "0.017593"], ["83913.00", "0.046295"], ["83911.00", "0.121830"], ["83897.00", "0"], ["83869.00", "4.900700"], ["83860.60", "4.719192"], ["83852.20", "5.354468"], ["83843.80", "5.626729"], ["83835.40", "4.446931"], ["83827.00", "4.991453"], ["83818.60", "4.537685"], ["83810.20", "3.993163"], ["83801.80", "5.263714"], ["83785.00", "5.535976"], ["83776.60", "5.082207"], ["83768.20", "4.083916"], ["83759.80", "4.356178"], ["83751.40", "3.902409"], ["83743.00", "4.628439"], ["83734.60", "5.445222"], ["83726.20", "4.174670"], ["83717.80", "4.809946"], ["83709.40", "4.265424"], ["83576.47", "0"]], "checksum": -1485150322, "ts": "1742544102934"}], "ts": 1742544102937, "record_time": 1742544102.937798, "EXCHANGE": "BITGET"}
{"action": "update", "arg": {"instType": "SPOT", "channel": "books", "instId": "BTCUSDT"}, "data": [{"asks": [["83995.10", "9.038335"], ["84045.50", "5.535976"], ["84053.90", "4.537685"], ["84062.30", "3.993163"], ["84070.70", "5.172961"], ["84079.10", "4.446931"], ["84087.50", "4.991453"], ["84104.30", "4.356178"], ["84112.70", "5.445222"], ["84121.10", "5.626729"], ["84129.50", "4.809946"], ["84137.90", "4.719192"], ["84146.30", "5.263714"], ["84154.70", "5.082207"], ["84163.10", "4.174670"], ["84171.50", "4.265424"], ["84179.90", "4.628439"], ["84188.30", "4.083916"], ["84196.70", "3.902409"]], "bids": [["83955.23", "0"], ["83906.00", "0.084600"], ["83898.00", "0.006000"], ["83869.01", "0.715909"], ["83869.00", "5.263714"], ["83860.61", "0"], ["83860.60", "5.626729"], ["83852.20", "4.628439"], ["83843.80", "4.265424"], ["83835.41", "0"], ["83835.40", "5.354468"], ["83810.21", "0"], ["83801.80", "4.356178"], ["83793.40", "4.719192"], ["83785.00", "3.902409"], ["83776.60", "4.174670"], ["83768.20", "5.172961"], ["83759.80", "4.809946"], ["83751.40", "4.083916"], ["83743.00", "5.445222"], ["83734.60", "4.900700"], ["83726.20", "4.446931"], ["83717.80", "5.535976"], ["83709.40", "5.082207"], ["83576.47", "0.000071"], ["83575.00", "0.001544"]], "checksum": -1866621983, "ts": "1742544103144"}], "ts": 1742544103147, "record_time": 1742544103.147126, "EXCHANGE": "BITGET"}
{"action": "update", "arg": {"instType": "SPOT", "channel": "books", "instId": "BTCUSDT"}, "data": [{"asks": [["83981.10", "0.010544"], ["83983.10", "0.027746"], ["83985.10", "0.073016"], ["83987.10", "0.192149"], ["83989.10", "0.505655"], ["83991.10", "1.330670"], ["83993.10", "3.501763"], ["83995.10", "9.215165"], ["83996.40", "0.145050"], ["83999.20", "0.032850"], ["84037.10", "4.719192"], ["84045.50", "4.628439"], ["84053.90", "5.445222"], ["84062.30", "5.082207"], ["84070.70", "5.626729"], ["84079.10", "4.809946"], ["84087.50", "4.083916"], ["84095.90", "4.356178"], ["84104.30", "4.537685"], ["84112.70", "5.263714"], ["84121.10", "3.902409"], ["84129.50", "5.535976"], ["84137.90", "3.993163"], ["84146.30", "5.354468"], ["84154.70", "4.265424"], ["84163.10", "4.446931"], ["84171.50", "4.991453"], ["84179.90", "4.174670"], ["84188.30", "4.900700"], ["84196.70", "5.172961"]], "bids": [["83957.29", "0.051475"], ["83957.07", "0"], ["83921.00", "0.001133"], ["83919.00", "0.002980"], ["83917.00", "0.007844"], ["83915.00", "0.020394"], ["83913.00", "0.053667"], ["83911.00", "0.141230"], ["83907.10", "0"], ["83906.50", "0.145020"], ["83904.70", "2.359770"], ["83904.30", "0"], ["83902.70", "0"], ["83898.40", "0.004080"], ["83898.00", "0"], ["83869.00", "4.719192"], ["83860.60", "4.809946"], ["83852.20", "3.993163"], ["83843.80", "5.354468"], ["83835.40", "4.174670"], ["83827.00", "5.445222"], ["83818.60", "4.265424"], ["83810.20", "4.628439"], ["83801.80", "4.083916"], ["83793.40", "4.991453"], ["83785.00", "4.900700"], ["83776.60", "5.535976"], ["83768.20", "5.263714"], ["83759.80", "4.446931"], ["83751.40", "3.902409"], ["83743.00", "4.537685"], ["83734.60", "5.626729"], ["83726.20", "4.356178"], ["83717.80", "5.082207"], ["83709.40", "5.172961"], ["83574.19", "0.000109"], ["83571.79", "0.000098"]], "checksum": 1211685239, "ts": "1742544103365"}], "ts": 1742544103375, "record_time": 1742544103.378213, "EXCHANGE": "BITGET"}
{"action": "update", "arg": {"instType": "SPOT", "channel": "books", "instId": "BTCUSDT"}, "data": [{"asks": [["83963.65", "0"], ["83977.38", "0.025968"], ["83989.99", "0"], ["83998.20", "0.375150"], ["83999.30", "0.178650"], ["83999.80", "0.120000"], ["84003.10", "0"], ["84003.20", "0"], ["84037.10", "5.535976"], ["84045.50", "4.174670"], ["84053.90", "4.809946"], ["84062.30", "3.993163"], ["84070.70", "4.900700"], ["84079.10", "5.445222"], ["84087.50", "3.902409"], ["84095.90", "5.082207"], ["84104.30", "4.356178"], ["84121.10", "4.265424"], ["84129.50", "4.083916"], ["84137.90", "5.172961"], ["84146.30", "4.537685"], ["84154.70", "4.446931"], ["84163.10", "5.354468"], ["84171.50", "5.626729"], ["84179.90", "4.719192"], ["84188.30", "4.628439"], ["84196.70", "4.991453"], ["84490.00", "0.007510"]], "bids": [["83959.32", "0"], ["83957.36", "0.112811"], ["83955.23", "0.209200"], ["83951.28", "0.022937"], ["83911.00", "0.141490"], ["83906.60", "0"], ["83906.10", "0.077610"], ["83904.70", "3.267570"], ["83904.20", "0"], ["83903.60", "0.009660"], ["83898.00", "0.006000"], ["83889.00", "0"], ["83869.00", "5.263714"], ["83852.20", "4.719192"], ["83835.40", "4.900700"], ["83827.00", "4.991453"], ["83818.60", "4.628439"], ["83810.20", "5.535976"], ["83801.80", "5.082207"], ["83793.40", "4.265424"], ["83785.00", "4.446931"], ["83776.60", "4.174670"], ["83768.20", "5.626729"], ["83759.80", "4.356178"], ["83734.60", "5.172961"], ["83726.20", "5.445222"], ["83717.80", "3.993163"], ["83709.40", "4.083916"], ["83571.43", "0.000330"]], "checksum": -203769812, "ts": "1742544103565"}], "ts": 1742544103568, "record_time": 1742544103.61043, "EXCHANGE": "BITGET"}
{"action": "update", "arg": {"instType": "SPOT", "channel": "books", "instId": "BTCUSDT"}, "data": [{"asks": [["83963.64", "0.838147"], ["83977.10", "0.001089"], ["83977.37", "0.007790"], ["83979.10", "0.003057"], ["83981.10", "0.008043"], ["83983.10", "0.021166"], ["83985.10", "0.055700"], ["83987.10", "0.146402"], ["83989.10", "0.385269"], ["83991.10", "1.013867"], ["83993.10", "2.668177"], ["83995.10", "7.021519"], ["83996.60", "0"], ["83997.00", "3.519930"], ["83997.30", "0"], ["83997.70", "0.003990"], ["83998.20", "0"], ["83998.80", "0.070470"], ["83999.20", "0.015000"], ["83999.30", "0"], ["83999.40", "0"], ["84000.40", "0.648000"], ["84002.20", "0"], ["84003.10", "0.178650"], ["84003.50", "1.350000"], ["84003.80", "0.444000"], ["84004.60", "0.996000"], ["84004.70", "0.444000"], ["84005.20", "0.178830"], ["84005.30", "0.250500"], ["84037.10", "5.626729"], ["84045.50", "4.719192"], ["84053.90", "4.628439"], ["84062.30", "5.172961"], ["84070.70", "4.083916"], ["84079.10", "4.900700"], ["84087.50", "4.991453"], ["84095.90", "4.537685"], ["84104.30", "5.263714"], ["84112.70", "5.535976"], ["84121.10", "4.809946"], ["84129.50", "4.174670"], ["84137.90", "4.356178"], ["84146.30", "5.445222"], ["84154.70", "3.993163"], ["84163.10", "3.902409"], ["84171.50", "4.265424"], ["84179.90", "5.082207"], ["84188.30", "5.354468"], ["84196.70", "4.446931"], ["84489.80", "0"], ["84490.00", "0"]], "bids": [["83957.29", "0"], ["83953.36", "0.055015"], ["83951.28", "0"], ["83923.00", "0.001908"], ["83921.00", "0.004884"], ["83919.00", "0.012853"], ["83917.00", "0.033822"], ["83915.00", "0.089006"], ["83913.00", "0.234227"], ["83912.00", "0.000015"], ["83911.00", "0.616385"], ["83909.70", "0.466320"], ["83906.50", "0.394530"], ["83906.10", "0.077400"], ["83904.70", "0"], ["83903.30", "0.640080"], ["83898.70", "4.245780"], ["83898.40", "0"], ["83898.00", "0.090600"], ["83897.80", "0.463710"], ["83897.70", "0.990450"], ["83897.30", "0.120000"], ["83869.00", "4.537685"], ["83860.60", "4.628439"], ["83852.20", "5.354468"], ["83843.80", "4.809946"], ["83835.40", "5.626729"], ["83827.00", "4.719192"], ["83818.60", "4.174670"], ["83810.20", "5.445222"], ["83801.80", "4.900700"], ["83793.40", "3.993163"], ["83776.60", "4.356178"], ["83768.20", "5.535976"], ["83759.80", "4.083916"], ["83751.40", "5.082207"], ["83743.00", "5.263714"], ["83734.60", "3.902409"], ["83726.20", "4.991453"], ["83717.80", "5.172961"], ["83709.40", "4.265424"], ["83571.79", "0"], ["83571.43", "0"]], "checksum": -565006192, "ts": "1742544103768"}], "ts": 1742544103771, "record_time": 1742544103.804684, "EXCHANGE": "BITGET"}
{"action": "update", "arg": {"instType": "SPOT", "channel": "books", "instId": "BTCUSDT"}, "data": [{"asks": [["84037.10", "5.354468"], ["84045.50", "4.900700"], ["84053.90", "4.809946"], ["84062.30", "4.356178"], ["84079.10", "4.537685"], ["84087.50", "5.263714"], ["84095.90", "4.265424"], ["84104.30", "5.626729"], ["84112.70", "5.445222"], ["84121.10", "4.628439"], ["84129.50", "4.719192"], ["84137.90", "3.902409"], ["84146.30", "4.174670"], ["84154.70", "5.535976"], ["84163.10", "3.993163"], ["84171.50", "4.446931"], ["84179.90", "5.172961"], ["84188.30", "5.082207"], ["84196.70", "4.991453"]], "bids": [["83957.54", "0.051474"], ["83953.36", "0"], ["83925.68", "0"], ["83906.50", "0.285180"], ["83904.30", "0.004080"], ["83903.30", "0.267060"], ["83898.20", "0.009000"], ["83897.30", "0"], ["83869.01", "0.559668"], ["83869.00", "5.535976"], ["83860.60", "4.809946"], ["83852.20", "4.083916"], ["83843.80", "4.537685"], ["83835.40", "3.902409"], ["83827.00", "5.082207"], ["83818.60", "4.719192"], ["83810.20", "4.174670"], ["83801.80", "3.993163"], ["83793.40", "4.900700"], ["83785.00", "5.172961"], ["83776.60", "4.446931"], ["83768.20", "4.356178"], ["83759.80", "5.354468"], ["83751.40", "4.991453"], ["83743.00", "5.445222"], ["83734.60", "5.263714"], ["83726.20", "4.265424"], ["83717.80", "4.628439"], ["83709.40", "5.626729"]], "checksum": -745235615, "ts": "1742544103972"}], "ts": 1742544103977, "record_time": 1742544103.979193, "EXCHANGE": "BITGET"}
{"action": "update", "arg": {"instType": "SPOT", "channel": "books", "instId": "BTCUSDT"}, "data": [{"asks": [["83974.14", "0.010000"], ["83979.10", "0.002197"], ["83981.10", "0.005781"], ["83983.10", "0.015214"], ["83985.10", "0.040036"], ["83987.10", "0.105357"], ["83989.10", "0.277256"], ["83991.10", "0.729622"], ["83993.10", "1.920058"], ["83995.10", "5.052783"], ["83997.00", "3.520350"], ["83999.80", "0"], ["84003.10", "0"], ["84004.50", "0.120000"], ["84005.30", "0"], ["84037.10", "4.628439"], ["84045.50", "4.719192"], ["84053.90", "5.172961"], ["84062.30", "5.445222"], ["84070.70", "4.446931"], ["84079.10", "4.809946"], ["84087.50", "5.354468"], ["84095.90", "3.902409"], ["84104.30", "4.265424"], ["84112.70", "4.537685"], ["84121.10", "4.991453"], ["84129.50", "5.082207"], ["84137.90", "4.174670"], ["84146.30", "3.993163"], ["84154.70", "5.263714"], ["84163.10", "4.083916"], ["84171.50", "4.356178"], ["84179.90", "5.626729"], ["84188.30", "5.535976"], ["84196.70", "4.900700"], ["84489.80", "0.000010"]], "bids": [["83957.37", "0.127920"], ["83955.83", "0.025918"], ["83925.00", "0.002668"], ["83923.00", "0.007020"], ["83921.00", "0.018475"], ["83919.00", "0.048617"], ["83917.00", "0.127941"], ["83915.00", "0.336686"], ["83913.00", "0.886016"], ["83912.00", "0.000032"], ["83911.00", "2.331622"], ["83910.60", "0.804390"], ["83910.40", "0.093780"], ["83909.70", "0"], ["83907.20", "0.072450"], ["83906.50", "0.358440"], ["83906.00", "0.227700"], ["83905.50", "0"], ["83903.30", "0.638670"], ["83902.60", "1.350000"], ["83898.00", "0.006000"], ["83897.80", "0"], ["83897.70", "0"], ["83869.00", "4.083916"], ["83860.60", "4.900700"], ["83852.20", "5.535976"], ["83843.80", "4.356178"], ["83835.40", "5.082207"], ["83827.00", "4.537685"], ["83818.60", "5.626729"], ["83810.20", "3.902409"], ["83801.80", "4.991453"], ["83793.40", "4.265424"], ["83785.00", "3.993163"], ["83776.60", "4.628439"], ["83768.20", "5.263714"], ["83759.80", "4.809946"], ["83751.40", "5.172961"], ["83743.00", "5.354468"], ["83734.60", "4.719192"], ["83726.20", "4.174670"], ["83717.80", "4.446931"], ["83709.40", "5.445222"], ["83574.19", "0"]], "checksum": -1769023760, "ts": "1742544104177"}], "ts": 1742544104180, "record_time": 1742544104.182015, "EXCHANGE": "BITGET"}
{"action": "update", "arg": {"instType": "SPOT", "channel": "books", "instId": "BTCUSDT"}, "data": [{"asks": [["83996.40", "0.143310"], ["83996.70", "0.011880"], ["84001.70", "0"], ["84005.30", "0.537480"], ["84037.10", "5.626729"], ["84045.50", "4.265424"], ["84053.90", "4.719192"], ["84062.30", "5.082207"], ["84079.10", "5.263714"], ["84087.50", "5.535976"], ["84095.90", "4.083916"], ["84104.30", "3.902409"], ["84112.70", "3.993163"], ["84121.10", "4.174670"], ["84129.50", "4.356178"], ["84137.90", "5.354468"], ["84146.30", "5.445222"], ["84154.70", "4.991453"], ["84163.10", "4.628439"], ["84171.50", "5.172961"], ["84179.90", "4.537685"], ["84188.30", "4.900700"], ["84196.70", "4.809946"]], "bids": [["83957.75", "0.051474"], ["83957.54", "0"], ["83927.00", "0.001168"], ["83925.00", "0.003074"], ["83923.00", "0.008089"], ["83921.00", "0.021288"], ["83920.17", "0.058659"], ["83919.00", "0.056021"], ["83917.00", "0.147422"], ["83915.00", "0.387954"], ["83913.00", "1.020930"], ["83911.00", "2.686658"], ["83909.80", "0.144810"], ["83906.50", "0.213630"], ["83905.80", "0"], ["83904.30", "0.026730"], ["83901.80", "0"], ["83898.00", "0.090600"], ["83897.80", "0.463710"], ["83869.00", "4.991453"], ["83860.60", "4.446931"], ["83852.20", "4.809946"], ["83843.80", "5.172961"], ["83835.40", "5.445222"], ["83827.00", "4.900700"], ["83818.60", "4.356178"], ["83810.20", "4.265424"], ["83801.80", "4.719192"], ["83793.40", "5.626729"], ["83785.00", "4.537685"], ["83776.60", "5.535976"], ["83768.20", "4.628439"], ["83759.80", "5.263714"], ["83751.40", "4.174670"], ["83743.00", "4.083916"], ["83734.60", "3.902409"], ["83726.20", "5.354468"], ["83717.80", "3.993163"], ["83715.90", "0.198453"], ["83709.40", "5.082207"], ["83575.00", "0"]], "checksum": -220813796, "ts": "1742544104377"}], "ts": 1742544104381, "record_time": 1742544104.399829, "EXCHANGE": "BITGET"}
{"action": "update", "arg": {"instType": "SPOT", "channel": "books", "instId": "BTCUSDT"}, "data": [{"asks": [["83979.10", "0.001755"], ["83981.10", "0.004618"], ["83983.10", "0.012152"], ["83985.10", "0.031980"], ["83987.10", "0.084156"], ["83989.10", "0.221464"], ["83991.10", "0.582801"], ["83993.10", "1.533685"], ["83995.10", "4.036014"], ["84037.10", "4.809946"], ["84045.50", "5.354468"], ["84053.90", "4.356178"], ["84062.30", "5.535976"], ["84070.70", "4.174670"], ["84079.10", "4.446931"], ["84087.50", "5.082207"], ["84095.90", "5.445222"], ["84112.70", "4.719192"], ["84121.10", "5.626729"], ["84129.50", "4.265424"], ["84137.90", "4.991453"], ["84146.30", "4.083916"], ["84154.70", "4.537685"], ["84163.10", "5.263714"], ["84171.50", "4.628439"], ["84179.90", "5.172961"], ["84188.30", "3.993163"], ["84196.70", "4.900700"]], "bids": [["83927.00", "0.001067"], ["83925.00", "0.002822"], ["83923.00", "0.007425"], ["83921.00", "0.019540"], ["83919.00", "0.051175"], ["83917.00", "0.134672"], ["83915.00", "0.354399"], ["83913.00", "0.932629"], ["83911.00", "2.454289"], ["83910.60", "0.904350"], ["83909.80", "0.145020"], ["83908.10", "0.465120"], ["83908.00", "0.084840"], ["83906.50", "0.128100"], ["83897.80", "0"], ["83860.60", "4.265424"], ["83852.20", "5.535976"], ["83843.80", "3.902409"], ["83818.60", "4.719192"], ["83810.20", "3.993163"], ["83801.80", "5.172961"], ["83793.40", "4.083916"], ["83785.00", "4.446931"], ["83776.60", "5.082207"], ["83759.80", "5.354468"], ["83743.00", "4.356178"], ["83734.60", "4.809946"], ["83726.20", "5.626729"], ["83717.80", "4.537685"], ["83709.40", "5.263714"]], "checksum": 1904527266, "ts": "1742544104588"}], "ts": 1742544104590, "record_time": 1742544104.652159, "EXCHANGE": "BITGET"}
{"action": "update", "arg": {"instType": "SPOT", "channel": "books", "instId": "BTCUSDT"}, "data": [{"asks": [["83977.38", "0"], ["83979.10", "0.001622"], ["83981.10", "0.004269"], ["83983.10", "0.011233"], ["83985.10", "0.029562"], ["83986.16", "0.025968"], ["83987.10", "0.077794"], ["83989.10", "0.204722"], ["83991.10", "0.538497"], ["83992.18", "0"], ["83993.10", "1.417099"], ["83995.10", "3.729207"], ["83995.90", "0"], ["83996.00", "0"], ["83996.40", "0"], ["83996.70", "0"], ["83997.00", "0.256110"], ["83997.20", "0.038520"], ["83998.30", "0"], ["84000.65", "0.022999"], ["84000.80", "1.351620"], ["84001.00", "2.359410"], ["84001.80", "0.031230"], ["84037.10", "4.356178"], ["84045.50", "4.537685"], ["84053.90", "4.265424"], ["84062.30", "3.993163"], ["84070.70", "4.446931"], ["84079.10", "5.263714"], ["84087.50", "4.628439"], ["84095.90", "5.082207"], ["84104.30", "5.354468"], ["84112.70", "5.172961"], ["84121.10", "4.174670"], ["84129.50", "3.902409"], ["84137.90", "4.083916"], ["84146.30", "4.719192"], ["84154.70", "4.991453"], ["84163.10", "5.626729"], ["84171.50", "4.809946"], ["84179.90", "4.900700"], ["84188.30", "5.445222"], ["84196.70", "5.535976"], ["84490.00", "0.007510"], ["84490.13", "0.000093"], ["84490.91", "0.000018"]], "bids": [["83963.63", "0.775864"], ["83957.75", "0"], ["83927.00", "0.002161"], ["83925.00", "0.005689"], ["83923.00", "0.014971"], ["83921.00", "0.039396"], ["83919.00", "0.103675"], ["83917.00", "0.272829"], ["83915.00", "0.718226"], ["83913.00", "1.890068"], ["83911.00", "4.973863"], ["83910.60", "1.614330"], ["83910.50", "0.138570"], ["83910.40", "0"], ["83909.40", "2.359620"], ["83909.30", "0.004080"], ["83908.10", "0"], ["83906.10", "0"], ["83904.30", "0.022650"], ["83898.70", "4.695180"], ["83898.20", "0"], ["83869.00", "4.356178"], ["83860.60", "4.537685"], ["83852.20", "4.265424"], ["83843.80", "4.174670"], ["83835.40", "5.354468"], ["83818.60", "4.809946"], ["83810.20", "4.083916"], ["83801.80", "5.535976"], ["83793.40", "5.172961"], ["83785.00", "5.263714"], ["83776.60", "3.902409"], ["83768.20", "4.719192"], ["83759.80", "4.991453"], ["83751.40", "5.445222"], ["83743.00", "3.993163"], ["83734.60", "4.628439"], ["83726.20", "5.082207"], ["83717.80", "5.626729"], ["83709.40", "4.446931"], ["83624.02", "0"], ["83575.00", "0.001544"], ["83574.19", "0.000109"], ["83571.79", "0.000098"]], "checksum": 1841027076, "ts": "1742544104814"}], "ts": 1742544104817, "record_time": 1742544104.851935, "EXCHANGE": "BITGET"}
{"action": "update", "arg": {"instType": "SPOT", "channel": "books", "instId": "BTCUSDT"}, "data": [{"asks": [["83963.64", "0.750277"], ["83977.37", "0"], ["83979.10", "0.001981"], ["83981.10", "0.005214"], ["83983.10", "0.013720"], ["83985.10", "0.036105"], ["83987.10", "0.095014"], ["83989.10", "0.250035"], ["83991.10", "0.658243"], ["83993.10", "1.732219"], ["83995.10", "4.558469"], ["83997.00", "0.907590"], ["83998.30", "2.359500"], ["84000.80", "0.753480"], ["84001.00", "0"], ["84018.71", "0"], ["84027.76", "0"], ["84037.10", "4.265424"], ["84045.50", "5.082207"], ["84053.90", "3.993163"], ["84062.30", "4.083916"], ["84070.70", "4.356178"], ["84079.10", "4.809946"], ["84087.50", "4.537685"], ["84095.90", "5.172961"], ["84104.30", "5.445222"], ["84112.70", "4.174670"], ["84121.10", "5.535976"], ["84129.50", "4.628439"], ["84137.90", "4.719192"], ["84146.30", "5.354468"], ["84163.10", "4.446931"], ["84171.50", "5.626729"], ["84188.30", "3.902409"], ["84196.70", "5.263714"], ["84491.26", "0.000008"], ["84491.87", "0.000019"], ["84492.06", "0.000009"]], "bids": [["83963.63", "0.566664"], ["83957.96", "0.051474"], ["83919.00", "0.103821"], ["83917.00", "0.273212"], ["83915.00", "0.718739"], ["83913.00", "1.891418"], ["83911.00", "4.977416"], ["83869.00", "3.902409"], ["83860.60", "4.809946"], ["83852.20", "4.900700"], ["83844.52", "0"], ["83843.80", "5.445222"], ["83836.13", "0"], ["83827.00", "5.535976"], ["83818.60", "4.991453"], ["83810.20", "5.263714"], ["83801.80", "4.628439"], ["83793.40", "4.265424"], ["83785.00", "4.719192"], ["83776.60", "4.174670"], ["83768.20", "4.356178"], ["83759.80", "4.446931"], ["83751.40", "5.172961"], ["83743.00", "4.537685"], ["83734.60", "4.083916"], ["83726.20", "5.626729"], ["83717.80", "5.082207"], ["83709.40", "3.993163"], ["83571.43", "0.000330"]], "checksum": 1022315948, "ts": "1742544105017"}], "ts": 1742544105022, "record_time": 1742544105.022998, "EXCHANGE": "BITGET"}
{"action": "update", "arg": {"instType": "SPOT", "channel": "books", "instId": "BTCUSDT"}, "data": [{"asks": [["83963.64", "0.780321"], ["83963.65", "0.000270"], ["83979.10", "0.001979"], ["83981.10", "0.005207"], ["83983.10", "0.013704"], ["83985.09", "0.019677"], ["83985.10", "0.036063"], ["83987.10", "0.094903"], ["83989.10", "0.249745"], ["83991.10", "0.657222"], ["83993.10", "1.729533"], ["83995.10", "4.551401"], ["84032.41", "0.001810"], ["84037.10", "4.809946"], ["84041.44", "0.003620"], ["84045.50", "3.902409"], ["84053.90", "4.719192"], ["84062.30", "4.991453"], ["84070.70", "5.082207"], ["84079.10", "4.446931"], ["84087.50", "4.174670"], ["84095.90", "4.265424"], ["84104.30", "5.172961"], ["84112.70", "4.628439"], ["84121.10", "4.083916"], ["84129.50", "5.263714"], ["84137.90", "5.626729"], ["84146.30", "5.445222"], ["84154.70", "4.900700"], ["84163.10", "4.537685"], ["84171.50", "4.356178"], ["84179.90", "3.993163"], ["84188.30", "5.354468"], ["84196.70", "5.535976"], ["84490.91", "0"], ["84491.26", "0"], ["84491.87", "0"], ["84492.06", "0"]], "bids": [["83927.00", "0.001469"], ["83925.00", "0.003864"], ["83923.00", "0.010169"], ["83921.00", "0.026762"], ["83919.00", "0.070426"], ["83917.00", "0.185331"], ["83915.00", "0.487563"], ["83913.00", "1.283061"], ["83911.00", "3.376477"], ["83910.70", "0"], ["83898.00", "0.006000"], ["83869.00", "5.172961"], ["83860.60", "4.083916"], ["83852.20", "4.628439"], ["83844.52", "0.001810"], ["83843.80", "5.082207"], ["83836.13", "0.003620"], ["83835.40", "5.626729"], ["83827.00", "4.174670"], ["83818.60", "3.993163"], ["83810.20", "4.356178"], ["83801.80", "3.902409"], ["83793.40", "4.719192"], ["83785.00", "4.809946"], ["83776.60", "4.537685"], ["83768.20", "4.900700"], ["83759.80", "5.445222"], ["83751.40", "5.354468"], ["83743.00", "4.265424"], ["83734.60", "4.446931"], ["83726.20", "5.535976"], ["83717.80", "4.991453"], ["83709.40", "5.263714"], ["83571.43", "0"]], "checksum": -1791665719, "ts": "1742544105217"}], "ts": 1742544105220, "record_time": 1742544105.222716, "EXCHANGE": "BITGET"}
{"action": "update", "arg": {"instType": "SPOT", "channel": "books", "instId": "BTCUSDT"}, "data": [{"asks": [["83963.64", "0.780729"], ["83979.10", "0.002206"], ["83981.10", "0.005804"], ["83983.10", "0.015274"], ["83985.10", "0.040195"], ["83987.10", "0.105778"], ["83989.10", "0.278361"], ["83991.10", "0.732531"], ["83993.10", "1.927712"], ["83995.10", "5.072927"], ["83995.30", "0.004320"], ["83995.40", "0.086220"], ["83997.00", "0"], ["83997.20", "0"], ["83998.30", "0"], ["83999.20", "0"], ["84005.30", "1.800150"], ["84005.70", "0.144810"], ["84006.00", "0.007050"], ["84037.10", "5.263714"], ["84045.50", "5.354468"], ["84053.90", "4.991453"], ["84062.30", "4.537685"], ["84070.70", "4.719192"], ["84079.10", "4.265424"], ["84087.50", "4.356178"], ["84095.90", "4.809946"], ["84104.30", "5.445222"], ["84121.10", "4.900700"], ["84129.50", "3.993163"], ["84137.90", "3.902409"], ["84146.30", "5.535976"], ["84154.70", "4.446931"], ["84163.10", "5.082207"], ["84171.50", "4.174670"], ["84179.90", "5.172961"], ["84188.30", "4.083916"], ["84196.70", "5.626729"], ["84490.91", "0.000018"]], "bids": [["83958.16", "0.051474"], ["83957.96", "0"], ["83927.00", "0.002163"], ["83925.00", "0.005692"], ["83923.00", "0.014979"], ["83921.00", "0.039417"], ["83919.00", "0.103730"], ["83917.00", "0.272973"], ["83915.00", "0.718349"], ["83913.00", "1.890393"], ["83911.01", "0.604705"], ["83911.00", "4.974719"], ["83910.60", "0.812640"], ["83909.40", "0"], ["83909.10", "2.359620"], ["83905.70", "0.022680"], ["83904.30", "0"], ["83902.70", "0.015000"], ["83898.70", "4.447890"], ["83898.00", "0"], ["83869.01", "0"], ["83869.00", "4.265424"], ["83860.60", "3.993163"], ["83852.20", "4.446931"], ["83843.80", "4.900700"], ["83835.40", "4.628439"], ["83827.00", "4.991453"], ["83818.60", "5.445222"], ["83810.20", "4.174670"], ["83801.80", "5.172961"], ["83793.40", "5.354468"], ["83785.00", "5.626729"], ["83776.60", "3.902409"], ["83768.20", "5.263714"], ["83759.80", "5.535976"], ["83751.40", "4.083916"], ["83743.00", "4.719192"], ["83734.60", "5.082207"], ["83726.20", "4.356178"], ["83717.80", "4.537685"], ["83709.40", "4.809946"]], "checksum": 1938680301, "ts": "1742544105418"}], "ts": 1742544105421, "record_time": 1742544105.423079, "EXCHANGE": "BITGET"}
{"action": "update", "arg": {"instType": "SPOT", "channel": "books", "instId": "BTCUSDT"}, "data": [{"asks": [["83989.10", "0.278565"], ["83991.10", "0.733068"], ["83993.10", "1.929126"], ["83995.10", "5.076647"], ["83995.20", "0.001001"], ["83995.30", "0.010950"], ["84006.70", "0.480000"], ["84037.10", "5.445222"], ["84045.50", "3.902409"], ["84053.90", "3.993163"], ["84062.30", "5.354468"], ["84070.70", "4.083916"], ["84079.10", "4.991453"], ["84087.50", "4.537685"], ["84104.30", "4.900700"], ["84112.70", "5.172961"], ["84121.10", "4.174670"], ["84129.50", "5.263714"], ["84137.90", "5.535976"], ["84146.30", "4.719192"], ["84154.70", "5.082207"], ["84163.10", "4.356178"], ["84171.50", "4.265424"], ["84179.90", "4.446931"], ["84188.30", "5.626729"], ["84196.70", "4.628439"], ["84490.91", "0"]], "bids": [["83958.17", "0.015442"], ["83915.00", "0.718178"], ["83913.00", "1.889828"], ["83911.00", "4.973231"], ["83910.60", "1.486440"], ["83869.00", "3.902409"], ["83860.60", "4.628439"], ["83852.20", "5.082207"], ["83843.80", "5.445222"], ["83835.40", "4.265424"], ["83827.88", "0.125843"], ["83827.00", "4.809946"], ["83820.77", "0"], ["83818.60", "4.083916"], ["83810.20", "4.991453"], ["83801.80", "3.993163"], ["83793.40", "4.719192"], ["83785.00", "5.535976"], ["83776.60", "5.172961"], ["83759.80", "4.174670"], ["83751.40", "5.354468"], ["83743.00", "4.537685"], ["83734.60", "4.900700"], ["83717.80", "4.446931"], ["83709.40", "5.626729"], ["83571.79", "0"]], "checksum": 1673888676, "ts": "1742544105620"}], "ts": 1742544105628, "record_time": 1742544105.707762, "EXCHANGE": "BITGET"}
{"action": "update", "arg": {"instType": "SPOT", "channel": "books", "instId": "BTCUSDT"}, "data": [{"asks": [["84037.10", "4.356178"], ["84045.50", "5.445222"], ["84053.90", "4.900700"], ["84062.30", "5.263714"], ["84070.70", "4.446931"], ["84087.50", "4.809946"], ["84095.90", "5.172961"], ["84104.30", "5.626729"], ["84112.70", "5.535976"], ["84121.10", "4.265424"], ["84129.50", "5.082207"], ["84137.90", "4.083916"], ["84154.70", "3.902409"], ["84163.10", "5.354468"], ["84171.50", "4.628439"], ["84179.90", "4.537685"], ["84188.30", "3.993163"], ["84196.70", "4.174670"]], "bids": [["83957.65", "0.055015"], ["83955.83", "0"], ["83927.00", "0.002161"], ["83925.00", "0.005689"], ["83923.00", "0.014969"], ["83921.00", "0.039394"], ["83919.00", "0.103668"], ["83917.00", "0.272809"], ["83915.00", "0.717920"], ["83913.00", "1.889262"], ["83911.00", "4.971743"], ["83869.00", "5.354468"], ["83860.60", "5.535976"], ["83852.20", "4.265424"], ["83843.80", "5.172961"], ["83835.40", "4.446931"], ["83818.60", "5.445222"], ["83810.20", "5.626729"], ["83801.80", "5.082207"], ["83793.40", "4.628439"], ["83785.00", "3.902409"], ["83776.60", "4.083916"], ["83768.20", "4.719192"], ["83759.80", "4.356178"], ["83751.40", "4.991453"], ["83743.00", "4.900700"], ["83734.60", "4.174670"], ["83726.20", "3.993163"], ["83717.80", "4.537685"], ["83709.40", "5.263714"]], "checksum": 1713563378, "ts": "1742544105828"}], "ts": 1742544105831, "record_time": 1742544105.895681, "EXCHANGE": "BITGET"}
{"action": "update", "arg": {"instType": "SPOT", "channel": "books", "instId": "BTCUSDT"}, "data": [{"asks": [["83963.64", "0.571608"], ["83979.10", "0.002066"], ["83981.10", "0.005438"], ["83983.10", "0.014311"], ["83985.10", "0.037659"], ["83987.10", "0.099103"], ["83989.10", "0.260799"], ["83991.10", "0.686313"], ["83993.10", "1.806086"], ["83995.10", "4.752858"], ["83995.20", "0.021180"], ["83995.30", "0"], ["83997.90", "2.359500"], ["84006.00", "0"], ["84006.70", "0"], ["84037.10", "5.535976"], ["84045.50", "3.993163"], ["84053.90", "4.991453"], ["84062.30", "5.445222"], ["84070.70", "3.902409"], ["84079.10", "4.537685"], ["84087.50", "5.172961"], ["84095.90", "4.809946"], ["84104.30", "4.900700"], ["84112.70", "5.626729"], ["84121.10", "5.263714"], ["84129.50", "4.446931"], ["84137.90", "4.719192"], ["84146.30", "4.628439"], ["84154.70", "5.082207"], ["84163.10", "4.265424"], ["84171.50", "5.354468"], ["84179.90", "4.174670"], ["84188.30", "4.083916"], ["84196.70", "4.356178"], ["84490.91", "0.000018"], ["84491.26", "0.000008"]], "bids": [["83963.63", "0.775864"], ["83958.36", "0.051474"], ["83958.16", "0"], ["83957.65", "0"], ["83930.30", "0.010000"], ["83927.00", "0.001830"], ["83925.00", "0.004815"], ["83923.00", "0.012672"], ["83921.00", "0.033347"], ["83919.00", "0.087754"], ["83917.00", "0.231052"], ["83915.00", "0.608032"], ["83913.00", "1.600082"], ["83912.00", "0.000015"], ["83911.00", "4.210742"], ["83869.00", "3.993163"], ["83860.60", "5.354468"], ["83852.20", "4.719192"], ["83843.80", "4.265424"], ["83835.40", "4.083916"], ["83827.00", "4.628439"], ["83818.60", "5.172961"], ["83810.20", "4.174670"], ["83801.80", "4.809946"], ["83793.40", "4.356178"], ["83785.00", "4.991453"], ["83776.60", "5.535976"], ["83768.20", "5.082207"], ["83759.80", "5.445222"], ["83751.40", "5.626729"], ["83734.60", "4.446931"], ["83726.20", "5.263714"], ["83717.80", "3.902409"], ["83709.40", "4.537685"]], "checksum": 1972753391, "ts": "1742544106033"}], "ts": 1742544106036, "record_time": 1742544106.03691, "EXCHANGE": "BITGET"}
{"action": "update", "arg": {"instType": "SPOT", "channel": "books", "instId": "BTCUSDT"}, "data": [{"asks": [["83963.64", "0.670552"], ["83963.65", "0"], ["83974.14", "0"], ["83979.10", "0.001918"], ["83981.10", "0.004838"], ["83983.10", "0.012732"], ["83985.10", "0.033505"], ["83987.10", "0.088171"], ["83989.10", "0.232029"], ["83991.10", "0.610347"], ["83993.10", "1.606174"], ["83995.10", "4.226776"], ["83995.20", "0.105600"], ["83995.90", "0.001021"], ["83997.30", "0.038280"], ["83998.10", "0"], ["83999.00", "0.071460"], ["84000.60", "0"], ["84000.70", "0"], ["84001.80", "0"], ["84004.50", "0"], ["84005.70", "0"], ["84006.00", "0.007050"], ["84006.50", "0.120000"], ["84006.70", "0.480000"], ["84006.90", "0.065640"], ["84007.30", "0.017520"], ["84037.10", "5.626729"], ["84045.50", "4.356178"], ["84053.90", "4.719192"], ["84062.30", "4.809946"], ["84070.70", "5.172961"], ["84079.10", "4.991453"], ["84087.50", "4.083916"], ["84095.90", "4.628439"], ["84104.30", "5.263714"], ["84112.70", "4.265424"], ["84121.10", "5.445222"], ["84129.50", "4.537685"], ["84137.90", "3.993163"], ["84146.30", "4.900700"], ["84163.10", "5.354468"], ["84171.50", "3.902409"], ["84179.90", "5.535976"], ["84188.30", "4.174670"], ["84196.70", "4.446931"], ["84491.87", "0.000019"]], "bids": [["83963.63", "0.830879"], ["83960.20", "0.112728"], ["83958.37", "0.015442"], ["83958.17", "0"], ["83957.36", "0"], ["83919.00", "0.087635"], ["83917.00", "0.230617"], ["83915.00", "0.606887"], ["83913.00", "1.597071"], ["83912.00", "0"], ["83911.00", "4.202819"], ["83910.50", "0.273450"], ["83901.40", "0.320580"], ["83898.70", "4.127100"], ["83869.00", "4.356178"], ["83860.60", "5.445222"], ["83852.20", "4.900700"], ["83843.80", "4.719192"], ["83835.40", "5.354468"], ["83827.00", "5.626729"], ["83818.60", "4.174670"], ["83810.20", "4.991453"], ["83801.80", "5.263714"], ["83793.40", "5.082207"], ["83785.00", "4.809946"], ["83776.60", "4.446931"], ["83768.20", "4.265424"], ["83759.80", "4.537685"], ["83751.40", "4.083916"], ["83743.00", "4.628439"], ["83734.60", "3.993163"], ["83726.20", "5.172961"], ["83709.40", "5.535976"]], "checksum": 359253333, "ts": "1742544106236"}], "ts": 1742544106247, "record_time": 1742544106.249771, "EXCHANGE": "BITGET"}
{"action": "update", "arg": {"instType": "SPOT", "channel": "books", "instId": "BTCUSDT"}, "data": [{"asks": [["83987.10", "0.087971"], ["83989.10", "0.231503"], ["83991.10", "0.609474"], ["83993.10", "1.603877"], ["83995.10", "4.220731"], ["83997.50", "2.359500"], ["83997.90", "0"], ["84006.00", "0.019560"], ["84006.90", "0"], ["84007.30", "0"], ["84045.50", "5.535976"], ["84062.30", "5.354468"], ["84070.70", "4.446931"], ["84087.50", "4.265424"], ["84104.30", "3.902409"], ["84112.70", "5.263714"], ["84121.10", "4.900700"], ["84129.50", "4.083916"], ["84146.30", "4.356178"], ["84154.70", "5.172961"], ["84163.10", "5.082207"], ["84171.50", "5.445222"], ["84179.90", "4.537685"], ["84188.30", "4.809946"], ["84196.70", "4.174670"], ["84492.06", "0.000009"], ["84496.43", "0.000273"]], "bids": [["83960.21", "0.049326"], ["83958.37", "0"], ["83958.36", "0"], ["83957.37", "0"], ["83956.26", "0.094076"], ["83927.00", "0.002159"], ["83925.00", "0.005682"], ["83923.00", "0.014953"], ["83921.00", "0.039349"], ["83919.00", "0.103551"], ["83917.00", "0.272501"], ["83915.00", "0.717109"], ["83913.00", "1.886932"], ["83911.00", "4.965568"], ["83898.70", "4.374390"], ["83869.00", "5.535976"], ["83852.20", "4.446931"], ["83843.80", "5.263714"], ["83835.40", "4.265424"], ["83827.00", "4.991453"], ["83818.60", "4.083916"], ["83810.20", "5.354468"], ["83801.80", "4.356178"], ["83785.00", "4.628439"], ["83776.60", "4.809946"], ["83768.20", "4.719192"], ["83759.80", "4.900700"], ["83751.40", "4.537685"], ["83743.00", "5.626729"], ["83709.40", "4.174670"], ["83571.79", "0.000098"]], "checksum": -1178042572, "ts": "1742544106444"}], "ts": 1742544106447, "record_time": 1742544106.457734, "EXCHANGE": "BITGET"}
{"action": "update", "arg": {"instType": "SPOT", "channel": "books", "instId": "BTCUSDT"}, "data": [{"asks": [["83963.64", "0.879752"], ["83979.10", "0.002200"], ["83981.10", "0.005791"], ["83983.10", "0.015240"], ["83985.10", "0.040103"], ["83987.10", "0.105536"], ["83989.10", "0.277726"], ["83991.10", "0.730857"], ["83993.10", "1.923309"], ["83995.10", "5.061339"], ["83997.30", "0"], ["84006.00", "0.007050"], ["84006.90", "0.065640"], ["84007.30", "0.017520"], ["84037.10", "4.446931"], ["84045.50", "5.445222"], ["84053.90", "4.265424"], ["84062.30", "4.809946"], ["84070.70", "5.263714"], ["84079.10", "4.719192"], ["84087.50", "4.083916"], ["84095.90", "3.993163"], ["84104.30", "4.628439"], ["84112.70", "3.902409"], ["84121.10", "5.535976"], ["84129.50", "5.626729"], ["84137.90", "5.082207"], ["84146.30", "4.174670"], ["84154.70", "4.900700"], ["84163.10", "4.991453"], ["84171.50", "4.537685"], ["84179.90", "5.172961"], ["84188.30", "4.356178"], ["84196.70", "5.354468"], ["84496.43", "0"]], "bids": [["83963.63", "0.621679"], ["83960.21", "0.033884"], ["83958.55", "0.051474"], ["83915.00", "0.717154"], ["83913.00", "1.887248"], ["83911.00", "4.966442"], ["83869.00", "3.993163"], ["83860.60", "5.535976"], ["83852.20", "4.809946"], ["83843.80", "4.628439"], ["83835.40", "5.445222"], ["83827.00", "5.263714"], ["83818.60", "4.265424"], ["83810.20", "4.991453"], ["83801.80", "4.083916"], ["83793.40", "4.174670"], ["83785.00", "4.446931"], ["83776.60", "3.902409"], ["83768.20", "4.900700"], ["83759.80", "5.172961"], ["83751.40", "5.354468"], ["83743.00", "4.537685"], ["83734.60", "5.082207"], ["83726.20", "4.356178"], ["83717.80", "5.626729"], ["83709.40", "4.719192"], ["83571.79", "0"]], "checksum": 583539375, "ts": "1742544106648"}], "ts": 1742544106652, "record_time": 1742544106.655106, "EXCHANGE": "BITGET"}
{"action": "update", "arg": {"instType": "SPOT", "channel": "books", "instId": "BTCUSDT"}, "data": [{"asks": [["83993.10", "1.923457"], ["83995.10", "5.061730"], ["83997.30", "2.359500"], ["83997.50", "0"], ["84005.60", "0.144810"], ["84007.30", "0"], ["84037.10", "4.719192"], ["84045.50", "4.809946"], ["84062.30", "4.628439"], ["84070.70", "4.083916"], ["84079.10", "5.535976"], ["84087.50", "4.991453"], ["84095.90", "5.172961"], ["84104.30", "4.356178"], ["84112.70", "5.082207"], ["84121.10", "3.902409"], ["84129.50", "4.446931"], ["84137.90", "3.993163"], ["84146.30", "5.626729"], ["84154.70", "5.354468"], ["84163.10", "4.900700"], ["84171.50", "5.445222"], ["84179.90", "5.263714"], ["84188.30", "4.174670"], ["84196.70", "4.537685"]], "bids": [["83930.31", "0.003317"], ["83927.00", "0.001827"], ["83925.00", "0.004808"], ["83923.00", "0.012652"], ["83921.00", "0.033296"], ["83919.00", "0.087620"], ["83917.00", "0.230579"], ["83915.00", "0.607032"], ["83913.00", "1.597453"], ["83911.00", "4.203823"], ["83910.50", "2.633670"], ["83909.80", "0.144810"], ["83909.10", "0"], ["83902.70", "0"], ["83898.10", "0.012000"], ["83898.00", "0.006000"], ["83869.00", "4.809946"], ["83860.60", "4.174670"], ["83852.20", "5.082207"], ["83843.80", "5.172961"], ["83835.40", "4.537685"], ["83827.00", "4.356178"], ["83818.60", "5.626729"], ["83810.20", "5.535976"], ["83801.80", "4.265424"], ["83793.40", "5.354468"], ["83785.00", "4.083916"], ["83776.60", "3.993163"], ["83768.20", "3.902409"], ["83759.80", "5.445222"], ["83751.40", "4.446931"], ["83743.00", "5.263714"], ["83734.60", "4.900700"], ["83726.20", "4.628439"], ["83717.80", "4.991453"], ["83713.70", "0.000948"], ["83711.40", "0"], ["83574.19", "0"]], "checksum": 583539375, "ts": "1742544106851"}], "ts": 1742544106854, "record_time": 1742544106.943343, "EXCHANGE": "BITGET"}
{"action": "update", "arg": {"instType": "SPOT", "channel": "books", "instId": "BTCUSDT"}, "data": [{"asks": [["83963.64", "0.473540"], ["83979.10", "0.002025"], ["83981.10", "0.005328"], ["83983.10", "0.014021"], ["83985.10", "0.036897"], ["83987.10", "0.097098"], ["83989.10", "0.255521"], ["83991.10", "0.672424"], ["83993.10", "1.769538"], ["83995.10", "4.656938"], ["83997.30", "0"], ["84007.30", "0.017520"], ["84007.40", "2.789970"], ["84037.10", "5.626729"], ["84045.50", "3.993163"], ["84053.90", "4.900700"], ["84062.30", "4.083916"], ["84070.70", "5.535976"], ["84079.10", "4.628439"], ["84087.50", "5.445222"], ["84095.90", "4.265424"], ["84112.70", "4.809946"], ["84121.10", "5.354468"], ["84129.50", "5.263714"], ["84137.90", "5.172961"], ["84146.30", "4.174670"], ["84154.70", "3.902409"], ["84163.10", "5.082207"], ["84171.50", "4.537685"], ["84179.90", "4.991453"], ["84188.30", "4.446931"], ["84196.70", "4.719192"], ["84492.06", "0"]], "bids": [["83963.63", "0.830879"], ["83958.72", "0.051474"], ["83958.55", "0"], ["83915.00", "0.606788"], ["83913.00", "1.596809"], ["83911.00", "4.202131"], ["83910.60", "0.812640"], ["83910.50", "0.273450"], ["83909.80", "0.145020"], ["83898.00", "0.090600"], ["83869.00", "5.535976"], ["83860.60", "4.900700"], ["83852.20", "5.172961"], ["83843.80", "5.263714"], ["83835.40", "4.083916"], ["83827.00", "5.445222"], ["83818.60", "4.356178"], ["83810.20", "4.809946"], ["83801.80", "4.719192"], ["83785.00", "3.902409"], ["83776.60", "5.082207"], ["83768.20", "4.628439"], ["83759.80", "4.265424"], ["83751.40", "4.174670"], ["83743.00", "4.537685"], ["83734.60", "3.993163"], ["83726.20", "4.991453"], ["83717.80", "5.626729"], ["83709.40", "4.446931"]], "checksum": 1986062071, "ts": "1742544107056"}], "ts": 1742544107059, "record_time": 1742544107.060716, "EXCHANGE": "BITGET"}
