{"event": "subscribe", "arg": {"instType": "SPOT", "channel": "books", "instId": "BTCUSDT"}, "record_time": 1742142203.495162}
{"action": "snapshot", "arg": {"instType": "SPOT", "channel": "books", "instId": "BTCUSDT"}, "data": [{"asks": [["84277.52", "0.000100"], ["84277.53", "0.000100"], ["84277.54", "0.000100"], ["84277.55", "0.000100"], ["84291.54", "0.313401"], ["84291.96", "0.140146"], ["84294.66", "0.002907"], ["84294.70", "0.003017"], ["84295.85", "0.001827"], ["84297.11", "0.011836"], ["84300.00", "0.002000"], ["84301.95", "0.001205"], ["84304.05", "0.119869"], ["84305.35", "0.053993"], ["84305.51", "0.017798"], ["84306.53", "0.006356"], ["84306.91", "0.006356"], ["84307.05", "0.010985"], ["84307.12", "0.209200"], ["84307.15", "0.006356"], ["84307.45", "0.006356"], ["84308.02", "0.012680"], ["84308.18", "0.006356"], ["84308.32", "0.016427"], ["84308.38", "0.006356"], ["84308.81", "0.016428"], ["84308.83", "0.119843"], ["84309.45", "0.006356"], ["84309.59", "0.010984"], ["84309.95", "0.006356"], ["84310.11", "0.006357"], ["84311.38", "0.006356"], ["84312.13", "0.015892"], ["84312.17", "0.006356"], ["84312.28", "0.010000"], ["84312.34", "0.009989"], ["84312.95", "0.009989"], ["84313.33", "0.119895"], ["84314.37", "0.006356"], ["84314.56", "0.119879"], ["84315.32", "0.072304"], ["84315.55", "0.209200"], ["84318.10", "0.001015"], ["84320.10", "0.001026"], ["84322.10", "0.001027"], ["84324.10", "0.001013"], ["84324.72", "0.209200"], ["84326.10", "0.001018"], ["84328.10", "0.001031"], ["84330.00", "0.002000"], ["84330.10", "0.001029"], ["84332.10", "0.001404"], ["84334.10", "0.003696"], ["84334.17", "0.001597"], ["84336.10", "0.009725"], ["84336.60", "0.197885"], ["84338.10", "0.025798"], ["84339.10", "0.001008"], ["84340.10", "0.002040"], ["84340.20", "0.001030"], ["84341.56", "0.209200"], ["84341.97", "0.001597"], ["84342.00", "0.000094"], ["84345.30", "0.406740"], ["84345.50", "0.015060"], ["84346.90", "3.694380"], ["84347.00", "0.021600"], ["84347.10", "0.015120"], ["84347.30", "0.265950"], ["84347.50", "0.490740"], ["84347.80", "0.489570"], ["84348.60", "0.142500"], ["84349.30", "0.177780"], ["84349.40", "0.032910"], ["84349.98", "0.209200"], ["84350.20", "0.007050"], ["84350.60", "0.936510"], ["84351.20", "2.348670"], ["84351.50", "0.015210"], ["84351.80", "2.669430"], ["84352.70", "6.215520"], ["84354.20", "0.007050"], ["84358.40", "0.209200"], ["84360.00", "0.002000"], ["84366.83", "0.209200"], ["84375.26", "0.209200"], ["84376.97", "0.057629"], ["84380.20", "5.603845"], ["84383.69", "0.209200"], ["84385.55", "0.072042"], ["84386.40", "0.304146"], ["84388.70", "5.151922"], ["84390.00", "0.002000"], ["84390.01", "0.000387"], ["84392.12", "0.209200"], ["84393.46", "0.000860"], ["84397.20", "4.519230"], ["84397.71", "0.000860"], ["84400.55", "0.209200"], ["84405.70", "5.242306"], ["84408.98", "0.209200"], ["84414.20", "4.428845"], ["84417.41", "0.209200"], ["84420.00", "0.002000"], ["84422.70", "5.513460"], ["84425.84", "0.209200"], ["84431.20", "4.609614"], ["84432.82", "0.125360"], ["84439.70", "4.157691"], ["84448.20", "5.423076"], ["84456.70", "4.880768"], ["84459.31", "0.025290"], ["84462.74", "0.000092"], ["84465.20", "4.248076"], ["84473.70", "4.067307"], ["84474.20", "0.308747"], ["84482.20", "4.790383"], ["84488.00", "0.000532"], ["84490.11", "0.000582"], ["84490.70", "3.976922"], ["84496.73", "0.000043"], ["84498.20", "0.295145"], ["84499.20", "4.338461"], ["84500.00", "0.010935"], ["84507.70", "4.971153"], ["84508.46", "0.000658"], ["84516.20", "3.886538"], ["84521.85", "0.000033"], ["84524.70", "5.061537"], ["84525.00", "0.000021"], ["84533.20", "4.699999"], ["84541.70", "5.332691"], ["84545.45", "0.000557"], ["84549.53", "0.015814"], ["84550.00", "0.000342"], ["84551.02", "0.000008"], ["84555.35", "0.000016"], ["84568.97", "0.000008"], ["84570.00", "0.002000"], ["84571.43", "0.000033"], ["84573.57", "0.000158"], ["84573.59", "0.000177"], ["84579.71", "0.000129"], ["84582.14", "0.000011"], ["84590.00", "0.000121"], ["84591.34", "0.000021"], ["84592.59", "0.000219"], ["84600.00", "0.020825"], ["84606.06", "0.000395"], ["84608.70", "0.000924"], ["84612.50", "0.000021"], ["84613.40", "0.000009"], ["84614.14", "0.000142"], ["84615.38", "0.000066"], ["84616.67", "0.000052"], ["84617.50", "0.495362"], ["84617.65", "0.000417"], ["84619.05", "0.000009"], ["84620.00", "0.000082"], ["84621.00", "0.000238"], ["84621.16", "1.657450"], ["84622.22", "0.000008"], ["84625.00", "0.000091"], ["84627.06", "0.000048"], ["84628.57", "0.000016"], ["84629.33", "0.000133"], ["84630.00", "0.000296"], ["84631.58", "0.000025"], ["84632.35", "0.000041"], ["84633.22", "0.000008"], ["84634.13", "0.000032"], ["84635.71", "0.000273"], ["84635.97", "0.000024"], ["84635.98", "0.000010"], ["84635.99", "0.000007"], ["84636.35", "0.000008"], ["84636.36", "0.000018"], ["84636.47", "0.000064"], ["84637.50", "0.000150"], ["84639.41", "0.000039"], ["84639.46", "0.000008"], ["84640.00", "0.024752"], ["84640.88", "0.000573"], ["84642.64", "0.000176"], ["84642.85", "0.000298"], ["84642.86", "0.000248"], ["84643.80", "0.000423"], ["84644.87", "0.000016"], ["84645.83", "0.000020"], ["84647.50", "0.000025"], ["84647.88", "0.000022"], ["84647.89", "0.000099"], ["84650.00", "0.000280"], ["84651.43", "0.000009"], ["84652.17", "0.000035"], ["84652.50", "0.000031"], ["84653.06", "0.000085"], ["84655.18", "0.000146"], ["84655.56", "0.000008"], ["84655.65", "0.000161"], ["84656.00", "0.000012"], ["84656.25", "0.000012"], ["84657.14", "0.000069"], ["84658.66", "0.000096"], ["84659.30", "0.000027"], ["84659.57", "0.000137"], ["84659.60", "0.000039"], ["84660.00", "0.002000"], ["84660.44", "0.000134"], ["84660.71", "0.000008"], ["84661.35", "0.000009"], ["84661.62", "0.000024"], ["84662.58", "0.000051"], ["84663.46", "0.000067"], ["84664.82", "0.000066"], ["84665.23", "0.000022"], ["84666.00", "0.000035"], ["84666.21", "0.000008"], ["84666.47", "0.000013"], ["84666.66", "0.000010"], ["84666.67", "0.012581"], ["84666.70", "0.000017"], ["84668.51", "0.000015"], ["84669.60", "0.000010"], ["84670.00", "0.000023"], ["84670.83", "0.000008"], ["84673.20", "0.000008"], ["84675.00", "0.000016"], ["84675.12", "0.000008"], ["84676.07", "0.000008"], ["84677.69", "0.000035"], ["84677.78", "0.000025"], ["84677.97", "0.000013"], ["84678.90", "0.000072"], ["84679.87", "0.000120"], ["84680.00", "0.000548"], ["84682.34", "0.000008"], ["84683.33", "0.000053"], ["84684.21", "0.000425"], ["84684.68", "0.000506"], ["84685.71", "0.000009"], ["84687.31", "0.000432"], ["84687.50", "0.000148"], ["84689.00", "0.000118"], ["84689.53", "0.000019"], ["84689.72", "0.000188"], ["84690.00", "0.002000"], ["84691.26", "0.000135"], ["84692.29", "0.000022"], ["84692.31", "0.000014"], ["84692.84", "0.000009"], ["84692.98", "0.000022"], ["84693.24", "0.000033"], ["84693.33", "0.000036"], ["84694.21", "0.000057"], ["84695.65", "0.000932"], ["84697.28", "0.000149"], ["84699.48", "0.000023"], ["84699.77", "0.000030"], ["84699.83", "0.000051"], ["84700.00", "0.004686"], ["84700.32", "0.000175"], ["84701.97", "0.000009"], ["84702.70", "0.000009"], ["84703.70", "0.000019"], ["84704.83", "0.000014"], ["84705.84", "0.000162"], ["84705.88", "0.000426"], ["84706.20", "0.000155"], ["84706.81", "0.000235"], ["84708.25", "0.000049"], ["84709.09", "0.000008"], ["84711.11", "0.000008"], ["84712.09", "0.000011"], ["84712.64", "0.000315"], ["84714.29", "0.000072"], ["84714.35", "0.000099"], ["84716.00", "0.000010"], ["84717.74", "0.000039"], ["84718.64", "0.000023"], ["84719.24", "0.001232"], ["84719.30", "0.000025"], ["84720.00", "0.002816"], ["84720.39", "0.000093"], ["84721.50", "0.000474"], ["84722.45", "0.000016"], ["84722.89", "0.000564"], ["84724.49", "0.000184"], ["84725.00", "0.000204"], ["84726.01", "0.000011"], ["84726.53", "0.000030"], ["84726.67", "0.000013"], ["84726.98", "0.000248"], ["84727.07", "0.000056"], ["84727.26", "0.000008"], ["84727.27", "0.000018"], ["84727.80", "0.000537"], ["84727.89", "0.000008"], ["84728.03", "0.000010"], ["84729.28", "0.000573"], ["84730.00", "0.000051"], ["84730.84", "0.000007"], ["84731.46", "0.000019"], ["84731.60", "0.000098"], ["84731.96", "0.000039"], ["84732.79", "0.000018"], ["84734.05", "0.000041"], ["84734.40", "0.000016"], ["84734.84", "0.000234"], ["84735.85", "0.000008"], ["84736.67", "0.000011"], ["84736.84", "0.000029"], ["84737.37", "0.000067"], ["84737.73", "0.000068"], ["84737.74", "0.000095"], ["84737.78", "0.000009"], ["84738.49", "0.000050"], ["84739.13", "0.000035"], ["84739.94", "0.000008"], ["84740.00", "0.000119"], ["84740.46", "0.000193"], ["84741.94", "0.000054"], ["84742.65", "0.000041"], ["84742.83", "0.000063"], ["84742.86", "0.000085"], ["84743.49", "0.000039"], ["84744.16", "0.000423"], ["84744.53", "0.000014"], ["84744.68", "0.000137"], ["84744.71", "0.000039"], ["84744.74", "0.000176"], ["84745.57", "0.000012"], ["84746.76", "0.000009"], ["84746.84", "0.000014"], ["84748.76", "0.000024"], ["84750.00", "0.003897"], ["84750.55", "0.000054"], ["84753.24", "0.000019"], ["84753.89", "0.000008"], ["84754.23", "0.000060"], ["84755.10", "0.000085"], ["84755.56", "0.000009"], ["84759.36", "0.000024"], ["84760.00", "0.024666"], ["84762.50", "0.000010"], ["84764.29", "0.000128"], ["84764.52", "0.000314"], ["84765.84", "0.000161"], ["84766.36", "0.000034"], ["84766.72", "0.000096"], ["84767.53", "0.000011"], ["84768.00", "0.000175"], ["84768.36", "0.000146"], ["84769.95", "0.000099"], ["84770.00", "0.000121"], ["84770.02", "0.000193"], ["84770.72", "0.000013"], ["84772.73", "0.000012"], ["84772.85", "0.000066"], ["84774.77", "0.000041"], ["84775.00", "0.000410"], ["84775.38", "0.000022"], ["84776.00", "0.000133"], ["84776.12", "0.000008"], ["84776.81", "0.000013"], ["84776.93", "0.000007"], ["84777.00", "0.000084"], ["84777.78", "0.000105"], ["84778.76", "0.000010"], ["84779.74", "0.000010"], ["84780.70", "0.000022"], ["84781.36", "0.000013"], ["84782.05", "0.000014"], ["84782.59", "0.000011"], ["84782.61", "0.017749"], ["84782.72", "0.000008"], ["84783.33", "0.000322"], ["84783.65", "0.000074"], ["84785.71", "0.000104"], ["84786.67", "0.000036"], ["84788.78", "0.000008"], ["84788.99", "0.000072"], ["84789.47", "0.000183"], ["84790.53", "0.000009"], ["84790.54", "0.000032"], ["84791.67", "0.000023"], ["84792.75", "0.000023"], ["84792.86", "0.000008"], ["84794.12", "0.000417"], ["84795.03", "0.000010"], ["84795.92", "0.000034"], ["84796.04", "0.000008"], ["84797.89", "0.000036"], ["84799.10", "0.000008"], ["84799.44", "0.000017"], ["84800.00", "0.034813"], ["84802.77", "0.000075"], ["84803.90", "0.000152"], ["84803.92", "0.000008"], ["84804.00", "0.000012"], ["84804.96", "0.000188"], ["84807.02", "0.000025"], ["84808.00", "0.000035"], ["84809.52", "0.000024"], ["84811.54", "0.000009"], ["84812.50", "0.000312"], ["84812.93", "0.000009"], ["84813.54", "0.000015"], ["84814.78", "0.000414"], ["84816.33", "0.000008"], ["84817.00", "0.000009"], ["84817.28", "0.000133"], ["84817.68", "0.000573"], ["84817.71", "0.000014"], ["84818.17", "0.000065"], ["84818.18", "0.000026"], ["84818.84", "0.000043"], ["84819.28", "0.000564"], ["84819.90", "0.000051"], ["84820.00", "0.004085"], ["84820.08", "0.000010"], ["84820.72", "0.000009"], ["84821.42", "0.000008"], ["84821.99", "0.000235"], ["84822.00", "0.000474"], ["84822.66", "0.000385"], ["84823.30", "0.000018"], ["84823.73", "0.000023"], ["84823.92", "0.000016"], ["84824.88", "0.000181"], ["84825.16", "0.000027"], ["84826.09", "0.000035"], ["84827.26", "0.000011"], ["84827.59", "0.000008"], ["84828.57", "0.000069"], ["84829.79", "0.000137"], ["84829.82", "0.000039"], ["84830.00", "0.000059"], ["84830.38", "0.000104"], ["84831.17", "0.000088"], ["84833.33", "0.000051"], ["84833.45", "0.000066"], ["84834.25", "0.000009"], ["84834.83", "0.000502"], ["84835.36", "0.000152"], ["84835.53", "0.000093"], ["84835.91", "0.000024"], ["84837.38", "0.000008"], ["84838.70", "0.000078"], ["84838.71", "0.000214"], ["84839.83", "0.000098"], ["84840.00", "0.000436"], ["84841.58", "0.000008"], ["84842.11", "0.000068"], ["84844.53", "0.000423"], ["84845.00", "0.000025"], ["84845.94", "0.000008"], ["84846.15", "0.004277"], ["84846.55", "0.000019"], ["84846.85", "0.000176"], ["84847.58", "0.000039"], ["84847.82", "0.000671"], ["84849.88", "0.000030"], ["84850.00", "0.000031"], ["84851.66", "0.000029"], ["84852.81", "0.000115"], ["84852.94", "0.000065"], ["84853.56", "0.000050"], ["84857.14", "0.000347"], ["84858.75", "0.000285"], ["84859.29", "0.000036"], ["84860.00", "0.000169"], ["84862.90", "0.000169"], ["84864.69", "0.000052"], ["84864.86", "0.000041"], ["84864.99", "0.000033"], ["84866.10", "0.000064"], ["84866.40", "0.000018"], ["84867.80", "0.000095"], ["84868.42", "0.000031"], ["84868.52", "0.000013"], ["84868.65", "0.000035"], ["84869.57", "0.000932"], ["84871.66", "0.000078"], ["84871.79", "0.000014"], ["84873.84", "0.000057"], ["84874.79", "0.000096"], ["84875.00", "0.000959"], ["84875.78", "0.000038"], ["84876.03", "0.000161"], ["84879.10", "0.000009"], ["84879.37", "0.000009"], ["84879.59", "0.000173"], ["84880.00", "0.025078"], ["84880.89", "0.000065"], ["84882.35", "0.000417"], ["84883.31", "0.001088"], ["84883.65", "0.000008"], ["84883.72", "0.000010"], ["84883.84", "0.000040"]], "bids": [["84277.51", "3.572999"], ["84275.79", "0.176984"], ["84275.78", "0.473554"], ["84273.70", "0.001024"], ["84272.63", "0.163095"], ["84272.62", "0.088256"], ["84271.70", "0.001693"], ["84271.68", "0.189990"], ["84271.05", "0.001228"], ["84269.70", "0.004455"], ["84269.57", "0.014271"], ["84269.56", "0.000164"], ["84269.55", "0.022223"], ["84268.92", "0.043563"], ["84267.70", "0.011725"], ["84267.64", "2.546755"], ["84265.70", "0.030856"], ["84264.51", "0.102484"], ["84263.70", "0.081199"], ["84263.23", "0.313315"], ["84262.75", "0.248017"], ["84262.24", "0.017837"], ["84261.70", "0.213682"], ["84261.52", "0.018262"], ["84261.43", "0.008989"], ["84261.27", "0.005938"], ["84260.76", "0.016461"], ["84260.01", "0.017081"], ["84259.70", "0.562320"], ["84259.32", "0.913061"], ["84259.31", "0.209200"], ["84259.18", "0.056358"], ["84259.09", "0.028809"], ["84258.96", "0.025086"], ["84258.71", "0.007934"], ["84258.45", "0.007317"], ["84258.37", "0.017333"], ["84258.20", "0.008165"], ["84257.70", "1.479791"], ["84257.42", "0.227687"], ["84256.59", "0.012650"], ["84256.34", "0.008284"], ["84255.87", "0.018521"], ["84255.70", "3.894185"], ["84255.12", "0.271918"], ["84254.80", "0.052114"], ["84254.21", "0.222746"], ["84253.70", "10.247856"], ["84253.60", "0.178170"], ["84253.50", "0.001260"], ["84253.47", "0.021110"], ["84252.30", "0.001024"], ["84252.20", "0.001016"], ["84251.80", "0.069600"], ["84251.60", "0.405420"], ["84251.40", "0.142500"], ["84251.15", "0.012440"], ["84250.95", "0.003523"], ["84250.94", "0.076025"], ["84250.88", "0.209200"], ["84250.20", "2.607630"], ["84249.80", "0.988410"], ["84248.90", "1.350000"], ["84247.80", "0.069600"], ["84246.10", "0.197876"], ["84245.80", "1.195200"], ["84245.00", "0.142500"], ["84244.43", "0.023742"], ["84243.80", "0.069600"], ["84242.97", "0.023941"], ["84242.30", "0.038460"], ["84242.00", "0.196680"], ["84241.80", "0.095730"], ["84241.30", "0.090000"], ["84240.10", "0.009000"], ["84239.97", "0.209200"], ["84239.80", "0.069600"], ["84239.40", "0.090000"], ["84239.30", "0.177960"], ["84238.60", "0.142500"], ["84238.50", "0.090000"], ["84237.80", "0.069600"], ["84230.84", "0.209200"], ["84227.51", "0.001180"], ["84224.26", "0.017798"], ["84223.59", "0.001189"], ["84213.98", "0.209200"], ["84211.60", "4.609614"], ["84210.00", "0.002000"], ["84203.10", "4.880768"], ["84201.56", "0.209200"], ["84200.00", "0.000059"], ["84194.60", "3.886538"], ["84189.99", "0.209200"], ["84186.10", "4.157691"], ["84180.00", "0.000593"], ["84179.68", "0.072042"], ["84178.41", "0.209200"], ["84177.60", "5.513460"], ["84169.98", "0.209200"], ["84169.10", "4.971153"], ["84169.00", "0.012838"], ["84167.00", "0.000121"], ["84166.67", "0.000022"], ["84164.00", "0.000159"], ["84163.64", "0.000008"], ["84162.50", "0.000031"], ["84161.56", "0.209200"], ["84160.60", "4.699999"], ["84160.00", "0.024386"], ["84156.01", "0.000019"], ["84155.83", "0.000019"], ["84153.85", "0.000022"], ["84153.84", "0.000008"], ["84153.14", "0.209200"], ["84152.10", "3.976922"], ["84150.00", "0.002236"], ["84149.98", "0.005940"], ["84148.96", "0.000039"], ["84148.94", "0.000137"], ["84146.67", "0.000011"], ["84144.74", "0.000093"], ["84144.58", "0.000564"], ["84144.32", "0.125360"], ["84144.22", "0.209200"], ["84144.15", "0.000053"], ["84144.14", "0.000041"], ["84143.60", "5.423076"], ["84142.86", "0.000102"], ["84142.85", "0.000229"], ["84140.96", "0.000013"], ["84140.11", "0.000008"], ["84140.00", "0.000133"], ["84139.90", "0.000023"], ["84138.74", "0.000024"], ["84137.47", "0.000057"], ["84137.40", "0.000118"], ["84135.78", "0.209200"], ["84135.10", "4.248076"], ["84133.33", "0.000046"], ["84130.43", "0.003511"], ["84127.34", "0.209200"], ["84126.60", "5.151922"], ["84125.00", "0.000100"], ["84122.96", "0.000707"], ["84122.11", "0.000023"], ["84120.42", "0.000008"], ["84120.31", "0.000018"], ["84120.00", "0.000302"], ["84119.54", "0.000509"], ["84118.90", "0.209200"], ["84118.35", "0.000096"], ["84118.10", "4.067307"], ["84116.94", "0.000010"], ["84115.44", "0.000153"], ["84114.47", "0.000022"], ["84112.90", "0.000039"], ["84112.89", "0.000078"], ["84112.50", "0.000151"], ["84111.11", "0.000105"], ["84111.01", "0.000009"], ["84110.50", "0.000573"], ["84110.46", "0.209200"], ["84110.00", "0.002401"], ["84109.60", "4.338461"], ["84108.84", "0.000008"], ["84107.74", "0.000016"], ["84107.68", "0.000022"], ["84107.39", "0.000035"], ["84105.26", "0.000025"], ["84104.68", "0.000161"], ["84104.50", "0.310308"], ["84102.02", "0.209200"], ["84101.10", "5.332691"], ["84100.54", "0.000126"], ["84100.00", "0.002717"], ["84099.49", "0.000051"], ["84097.95", "0.000019"], ["84097.00", "0.000009"], ["84095.53", "0.000013"], ["84093.58", "0.209200"], ["84092.60", "4.428845"], ["84090.91", "0.000008"], ["84090.90", "0.000034"], ["84088.89", "0.000008"], ["84088.24", "0.000417"], ["84088.22", "0.000314"], ["84088.14", "0.000023"], ["84088.00", "0.000022"], ["84087.50", "0.000021"], ["84086.96", "0.000932"], ["84085.45", "0.000010"], ["84085.14", "0.209200"], ["84084.50", "0.000022"], ["84084.10", "5.242306"], ["84083.68", "0.000010"], ["84083.33", "0.000348"], ["84082.25", "0.000098"], ["84081.99", "0.000041"], ["84080.88", "0.000041"], ["84080.00", "0.000068"], ["84078.95", "0.000031"], ["84077.96", "0.000135"], ["84077.78", "0.000008"], ["84076.70", "0.209200"], ["84075.60", "5.603845"], ["84071.43", "0.000035"], ["84069.69", "0.000008"], ["84068.26", "0.209200"], ["84067.86", "0.000128"], ["84067.10", "5.061537"], ["84066.67", "0.000025"], ["84065.22", "0.000010"], ["84064.10", "0.000014"], ["84064.00", "0.000012"], ["84063.85", "0.000039"], ["84063.83", "0.000137"], ["84062.50", "0.000276"], ["84060.16", "0.000068"], ["84060.00", "0.000025"], ["84059.82", "0.209200"], ["84058.60", "4.790383"], ["84057.14", "0.000128"], ["84054.55", "0.000008"], ["84054.05", "0.000041"], ["84053.01", "0.000048"], ["84052.63", "0.000183"], ["84052.42", "0.000008"], ["84051.59", "0.000024"], ["84051.39", "0.209200"], ["84050.10", "4.519230"], ["84050.00", "0.000162"], ["84048.19", "0.000564"], ["84048.12", "0.000050"], ["84047.64", "0.000008"], ["84047.62", "0.000024"], ["84047.06", "0.000105"], ["84046.67", "0.000013"], ["84046.63", "0.000023"], ["84044.79", "0.000008"], ["84044.74", "0.000026"], ["84044.44", "0.000009"], ["84043.48", "0.000035"], ["84042.96", "0.209200"], ["84042.67", "0.000133"], ["84041.79", "0.000248"], ["84041.61", "0.002143"], ["84041.44", "0.000008"], ["84040.92", "0.000019"], ["84040.82", "0.000085"], ["84040.54", "0.186931"], ["84040.00", "0.024725"], ["84035.88", "0.000007"], ["84034.53", "0.209200"], ["84033.98", "0.000009"], ["84032.00", "0.000165"], ["84031.25", "0.000012"], ["84030.03", "0.000176"], ["84029.61", "0.000093"], ["84028.08", "0.000012"], ["84028.00", "0.000010"], ["84027.81", "0.000162"], ["84025.00", "0.000160"], ["84023.90", "0.000009"], ["84022.10", "0.000573"], ["84021.67", "0.000017"], ["84021.51", "0.000054"], ["84021.11", "0.000011"], ["84020.41", "0.000008"], ["84020.00", "0.000012"], ["84019.61", "0.000008"], ["84018.35", "0.000072"], ["84018.22", "0.000016"], ["84018.00", "0.022769"], ["84017.54", "0.000025"], ["84016.62", "0.000066"], ["84015.71", "0.000235"], ["84014.87", "0.000039"], ["84011.00", "0.000008"], ["84010.29", "0.000096"], ["84010.00", "0.000290"], ["84009.73", "0.000033"], ["84009.56", "0.005950"], ["84008.81", "0.000010"], ["84005.80", "0.000013"], ["84004.32", "0.000022"], ["84001.97", "0.000013"], ["84000.96", "0.000016"], ["84000.00", "0.024694"], ["83999.99", "0.000016"], ["83999.82", "0.000013"], ["83998.23", "0.000188"], ["83996.30", "0.305402"], ["83995.65", "0.000099"], ["83995.57", "0.000363"], ["83994.60", "0.025290"], ["83994.49", "0.000161"], ["83993.42", "0.000009"], ["83992.38", "0.209200"], ["83991.94", "0.000039"], ["83991.63", "0.000010"], ["83991.23", "0.000022"], ["83990.00", "0.000059"], ["83987.35", "0.000014"], ["83985.48", "0.000008"], ["83984.62", "0.000155"], ["83983.05", "0.000023"], ["83981.48", "0.000008"], ["83980.10", "0.000008"], ["83980.00", "0.000107"], ["83979.59", "0.000024"], ["83979.42", "0.000051"], ["83978.75", "0.000039"], ["83978.72", "0.000137"], ["83978.26", "0.000010"], ["83978.16", "0.000039"], ["83977.88", "0.000027"], ["83976.74", "0.000010"], ["83975.52", "0.000100"], ["83974.51", "0.000018"], ["83974.36", "0.000014"], ["83974.03", "0.000098"], ["83973.72", "0.000202"], ["83973.00", "0.000018"], ["83972.29", "0.000009"], ["83971.43", "0.000069"], ["83970.59", "0.000065"], ["83970.00", "0.002023"], ["83966.67", "0.000322"], ["83966.01", "0.000119"], ["83965.52", "0.000146"], ["83964.74", "0.000008"], ["83964.44", "0.000024"], ["83963.96", "0.000041"], ["83963.90", "0.000025"], ["83962.16", "0.000061"], ["83960.79", "0.000009"], ["83960.00", "0.000129"], ["83959.56", "0.000388"], ["83958.72", "0.000036"], ["83958.67", "0.000010"], ["83957.36", "0.000095"], ["83957.22", "0.000024"], ["83956.52", "0.000035"], ["83956.44", "0.000013"], ["83956.04", "0.000024"], ["83956.00", "0.000035"], ["83955.93", "0.000024"], ["83955.34", "0.000020"], ["83955.00", "0.001146"], ["83954.20", "0.305504"], ["83953.37", "0.000023"], ["83953.17", "0.000117"], ["83952.38", "0.000063"], ["83951.81", "0.000564"], ["83951.60", "0.000008"], ["83950.00", "0.000161"], ["83949.37", "0.000107"], ["83949.19", "0.000030"], ["83948.87", "0.000346"], ["83948.26", "0.000010"], ["83948.05", "0.000088"], ["83947.57", "0.000064"], ["83947.37", "0.000212"], ["83946.87", "1.660549"], ["83946.67", "0.000036"], ["83945.45", "0.000008"], ["83944.44", "0.000025"], ["83943.37", "0.000015"], ["83942.86", "0.000016"], ["83942.31", "0.000067"], ["83942.30", "0.000014"], ["83942.01", "0.000011"], ["83941.61", "0.000014"], ["83941.24", "0.000423"], ["83940.00", "0.002019"], ["83939.29", "0.000273"], ["83938.78", "0.000085"], ["83937.50", "0.000276"], ["83936.69", "0.000235"], ["83934.80", "0.000199"], ["83933.93", "0.000502"], ["83933.70", "0.000573"], ["83933.33", "0.000021"], ["83933.18", "0.000071"], ["83933.05", "0.000050"], ["83932.12", "0.002248"], ["83931.97", "0.000008"], ["83930.79", "0.000033"], ["83930.01", "0.000499"], ["83930.00", "0.000047"], ["83929.82", "0.000025"], ["83928.86", "0.000384"], ["83928.70", "0.000016"], ["83928.59", "0.000743"], ["83928.57", "0.000495"], ["83927.93", "0.000176"], ["83926.71", "0.000052"], ["83925.83", "0.000019"], ["83925.30", "0.000046"], ["83925.23", "0.000034"], ["83925.00", "0.000015"], ["83923.08", "0.000017"], ["83920.00", "0.025082"], ["83919.99", "0.000314"], ["83918.52", "0.000016"], ["83918.14", "0.000035"], ["83917.50", "0.000031"], ["83916.78", "0.000152"], ["83916.00", "0.000012"], ["83915.49", "0.000099"], ["83915.06", "0.000021"], ["83914.47", "0.000093"], ["83914.10", "0.000363"], ["83913.04", "0.017741"], ["83912.57", "0.000440"], ["83912.50", "0.000010"], ["83911.76", "0.000417"], ["83911.55", "0.000017"], ["83911.40", "0.000064"], ["83911.30", "0.000269"], ["83911.11", "0.000009"], ["83910.78", "0.000039"], ["83910.68", "0.000009"], ["83910.53", "0.000048"], ["83910.00", "0.002000"], ["83909.15", "0.000093"], ["83909.09", "0.000018"], ["83909.08", "0.000065"], ["83908.59", "0.000066"], ["83908.26", "0.000072"], ["83908.04", "0.000315"], ["83907.22", "0.000012"], ["83906.25", "0.000014"], ["83905.95", "0.000011"], ["83904.85", "0.000009"], ["83904.78", "0.000054"], ["83904.35", "0.000042"], ["83904.34", "0.000131"], ["83903.51", "0.000022"], ["83902.23", "0.000096"], ["83901.67", "0.000019"], ["83901.14", "0.000008"], ["83900.60", "0.000013"], ["83900.52", "0.000235"], ["83900.00", "0.002977"], ["83899.58", "0.000010"], ["83898.68", "0.000010"], ["83896.11", "0.000094"], ["83896.00", "0.000133"], ["83895.65", "0.000013"], ["83895.00", "0.006121"], ["83894.74", "0.000068"], ["83894.17", "0.000022"], ["83893.81", "0.000010"], ["83893.64", "0.000039"], ["83893.62", "0.000137"], ["83892.29", "0.000143"], ["83891.43", "0.000455"], ["83891.30", "0.000010"], ["83888.89", "0.000163"], ["83888.86", "0.000371"], ["83887.29", "0.000586"], ["83887.11", "0.000075"], ["83886.91", "0.000145"], ["83885.98", "0.000018"], ["83885.71", "0.000069"], ["83884.62", "0.000014"], ["83884.55", "0.000048"], ["83884.30", "0.000161"], ["83882.98", "0.000188"], ["83882.92", "0.002384"], ["83881.99", "0.000038"], ["83880.00", "0.020454"], ["83877.97", "0.000023"], ["83877.55", "0.000010"], ["83877.42", "0.000054"], ["83877.29", "0.000024"], ["83877.05", "0.000008"], ["83876.25", "0.000028"], ["83876.12", "0.000681"], ["83875.99", "0.000299"], ["83875.49", "0.000723"], ["83875.16", "0.000179"], ["83875.00", "0.000145"], ["83874.55", "0.000145"], ["83874.15", "0.000150"], ["83873.87", "0.000041"], ["83873.52", "0.000135"], ["83870.97", "0.000194"], ["83870.95", "0.000078"], ["83870.78", "0.000019"], ["83870.00", "0.000121"], ["83869.57", "0.000035"], ["83868.82", "0.000017"], ["83866.67", "0.000138"], ["83865.80", "0.000098"], ["83865.10", "0.000134"], ["83864.54", "0.000009"], ["83863.64", "0.000012"]], "checksum": 0, "ts": "1742142204264"}], "ts": 1742142204392, "record_time": 1742142203.549068}
{"action": "update", "arg": {"instType": "SPOT", "channel": "books", "instId": "BTCUSDT"}, "data": [{"asks": [["84277.52", "0.745649"], ["84289.72", "0.140144"], ["84289.95", "0.004595"], ["84290.05", "0.005541"], ["84290.06", "0.010074"], ["84290.08", "0.001066"], ["84290.10", "0.001475"], ["84290.14", "0.008962"], ["84290.19", "0.006307"], ["84290.86", "0.007955"], ["84290.88", "0.018101"], ["84290.89", "0.015378"], ["84290.91", "0.007385"], ["84290.92", "0.000078"], ["84290.97", "0.014986"], ["84291.53", "0.014953"], ["84291.96", "0"], ["84292.19", "0.080382"], ["84294.38", "0.209200"], ["84301.24", "0.035952"], ["84302.81", "0.006356"], ["84303.92", "0.006356"], ["84304.37", "0.006356"], ["84304.48", "0.006356"], ["84305.96", "0.006356"], ["84312.11", "0.001807"], ["84312.17", "0"], ["84312.28", "0"], ["84313.68", "0.015891"], ["84315.23", "0.075500"], ["84315.43", "0.010986"], ["84317.90", "0.119881"], ["84318.10", "0"], ["84319.30", "0.001019"], ["84320.10", "0"], ["84321.30", "0.001016"], ["84322.10", "0"], ["84323.30", "0.002621"], ["84324.10", "0"], ["84325.30", "0.006898"], ["84326.10", "0"], ["84327.30", "0.018152"], ["84327.32", "0.026414"], ["84328.10", "0"], ["84329.30", "0.047770"], ["84330.10", "0"], ["84331.30", "0.125709"], ["84332.10", "0"], ["84333.30", "0.330814"], ["84334.10", "0"], ["84335.30", "0.870564"], ["84336.10", "0"], ["84337.30", "2.290958"], ["84338.10", "0"], ["84339.10", "0"], ["84339.30", "6.028837"], ["84340.10", "0"], ["84340.20", "1.156560"], ["84340.90", "0.001004"], ["84341.00", "0.035790"], ["84341.10", "0.001008"], ["84341.20", "0.177900"], ["84342.20", "0.973560"], ["84343.40", "0.410370"], ["84344.00", "0.052650"], ["84344.20", "0.122250"], ["84344.60", "0.052650"], ["84344.90", "0.071190"], ["84345.10", "0.052830"], ["84345.30", "6.777600"], ["84345.50", "0"], ["84346.00", "0.035580"], ["84346.20", "0.069600"], ["84346.40", "0.269760"], ["84347.10", "0"], ["84347.30", "0"], ["84347.50", "1.613520"], ["84347.80", "0"], ["84347.90", "0.936510"], ["84348.10", "0.180000"], ["84348.80", "0.015420"], ["84348.90", "0.015060"], ["84349.20", "0.015060"], ["84349.30", "0"], ["84349.40", "0"], ["84350.20", "0.076650"], ["84350.60", "0"], ["84351.10", "3.559050"], ["84351.20", "0"], ["84351.50", "0"], ["84351.90", "0.035580"], ["84352.70", "2.657010"], ["84354.20", "0"], ["84380.20", "0"], ["84381.40", "4.428781"], ["84388.70", "0"], ["84389.90", "4.248014"], ["84397.20", "0"], ["84398.40", "5.513380"], ["84405.70", "0"], ["84406.90", "4.971080"], ["84414.20", "0"], ["84415.40", "5.422996"], ["84422.70", "0"], ["84423.90", "4.338397"], ["84431.20", "0"], ["84432.40", "3.886481"], ["84439.70", "0"], ["84440.90", "4.067247"], ["84448.20", "0"], ["84449.40", "5.242230"], ["84456.70", "0"], ["84457.90", "4.699930"], ["84465.20", "0"], ["84466.40", "4.880697"], ["84473.70", "0"], ["84474.90", "4.790314"], ["84482.20", "0"], ["84483.40", "3.976864"], ["84490.70", "0"], ["84491.90", "5.603763"], ["84499.20", "0"], ["84500.40", "4.157631"], ["84507.70", "0"], ["84508.90", "4.609547"], ["84516.20", "0"], ["84517.40", "4.519164"], ["84524.70", "0"], ["84525.90", "5.151847"], ["84533.20", "0"], ["84534.40", "5.061463"], ["84541.70", "0"], ["84542.90", "5.332613"], ["84852.81", "0"], ["84852.94", "0"], ["84853.56", "0"], ["84857.14", "0"], ["84858.75", "0"], ["84859.29", "0"], ["84860.00", "0"], ["84862.90", "0"], ["84864.69", "0"], ["84864.86", "0"], ["84864.99", "0"], ["84866.10", "0"], ["84866.40", "0"], ["84867.80", "0"], ["84868.42", "0"], ["84868.52", "0"], ["84868.65", "0"], ["84869.57", "0"], ["84871.66", "0"], ["84871.79", "0"], ["84873.84", "0"], ["84874.79", "0"], ["84875.00", "0"], ["84875.78", "0"], ["84876.03", "0"], ["84879.10", "0"], ["84879.37", "0"], ["84879.59", "0"], ["84880.00", "0"], ["84880.89", "0"], ["84882.35", "0"], ["84883.31", "0"], ["84883.65", "0"], ["84883.72", "0"], ["84883.84", "0"]], "bids": [["84277.51", "2.951457"], ["84275.79", "0.142373"], ["84275.78", "0"], ["84274.90", "0.001016"], ["84273.70", "0"], ["84272.90", "0.001044"], ["84272.63", "0"], ["84271.70", "0"], ["84271.68", "0"], ["84271.05", "0"], ["84270.90", "0.001019"], ["84269.70", "0"], ["84269.57", "0"], ["84269.55", "0.012223"], ["84269.22", "0.000070"], ["84269.08", "0.209200"], ["84268.92", "0.771355"], ["84268.90", "0.001007"], ["84267.70", "0"], ["84267.64", "0"], ["84266.90", "0.001360"], ["84265.70", "0"], ["84265.18", "0.000213"], ["84265.08", "0.001228"], ["84265.05", "0.007646"], ["84265.04", "0.008537"], ["84265.02", "0.006529"], ["84264.90", "0.003581"], ["84263.76", "0.007440"], ["84263.74", "0.008554"], ["84263.72", "0.012749"], ["84263.70", "0.008988"], ["84263.66", "0.007346"], ["84263.44", "0.001199"], ["84262.90", "0.009422"], ["84262.23", "0.008146"], ["84262.17", "0.007875"], ["84261.70", "0"], ["84261.43", "0"], ["84260.90", "0.024567"], ["84260.65", "0.007475"], ["84259.70", "0"], ["84259.32", "0.066845"], ["84258.90", "0.064651"], ["84258.00", "0.005550"], ["84257.91", "0.000875"], ["84257.90", "0.005089"], ["84257.86", "0.008156"], ["84257.83", "0.009633"], ["84257.70", "0"], ["84257.41", "0.084444"], ["84256.90", "0.170134"], ["84256.54", "0.008674"], ["84256.46", "0.010237"], ["84256.41", "0.015772"], ["84256.21", "0.107469"], ["84255.70", "0"], ["84254.90", "0.447721"], ["84254.31", "0.017062"], ["84254.08", "0.263346"], ["84253.74", "0.008989"], ["84253.70", "0.019470"], ["84253.60", "0"], ["84253.50", "0.001025"], ["84252.30", "0"], ["84252.20", "0"], ["84252.00", "0.053310"], ["84251.80", "0"], ["84251.60", "0"], ["84251.40", "0"], ["84250.20", "0"], ["84249.80", "0"], ["84248.90", "0"], ["84247.80", "0"], ["84245.80", "0"], ["84244.63", "0.056642"], ["84244.57", "0.073510"], ["84243.80", "0"], ["84242.00", "0"], ["84241.80", "2.703570"], ["84241.60", "1.061130"], ["84241.50", "0.918810"], ["84241.30", "0"], ["84240.50", "0.383790"], ["84239.40", "0"], ["84239.30", "0"], ["84239.26", "0.008209"], ["84238.50", "0"], ["84237.80", "0"], ["84237.00", "1.759920"], ["84235.90", "0.177960"], ["84235.60", "2.669430"], ["84235.50", "0.012000"], ["84235.20", "0.030000"], ["84235.01", "0.007585"], ["84234.94", "0.007187"], ["84212.80", "5.603763"], ["84211.60", "0"], ["84204.30", "4.699930"], ["84203.10", "0"], ["84195.80", "4.338397"], ["84194.60", "0"], ["84187.30", "5.422996"], ["84186.10", "0"], ["84178.80", "5.513380"], ["84177.60", "0"], ["84170.30", "4.248014"], ["84169.10", "0"], ["84161.80", "5.332613"], ["84160.60", "0"], ["84153.30", "4.971080"], ["84152.10", "0"], ["84144.80", "4.428781"], ["84143.60", "0"], ["84136.30", "4.609547"], ["84135.10", "0"], ["84127.80", "4.790314"], ["84126.60", "0"], ["84119.30", "4.519164"], ["84118.10", "0"], ["84110.80", "3.976864"], ["84109.60", "0"], ["84102.30", "4.880697"], ["84101.10", "0"], ["84093.80", "4.067247"], ["84092.60", "0"], ["84085.30", "5.151847"], ["84084.10", "0"], ["84076.80", "5.242230"], ["84075.60", "0"], ["84068.30", "5.061463"], ["84067.10", "0"], ["84059.80", "4.157631"], ["84058.60", "0"], ["84051.30", "3.886481"], ["84050.10", "0"], ["84036.61", "0.027250"], ["83876.12", "0"], ["83875.99", "0"], ["83875.49", "0"], ["83875.16", "0"], ["83875.00", "0"], ["83874.55", "0"], ["83874.15", "0"], ["83873.87", "0"], ["83873.52", "0"], ["83870.97", "0"], ["83870.95", "0"], ["83870.78", "0"], ["83870.00", "0"], ["83869.57", "0"], ["83868.82", "0"], ["83866.67", "0"], ["83865.80", "0"], ["83865.10", "0"], ["83864.54", "0"], ["83863.64", "0"]], "checksum": -1993456665, "ts": "1742142204468"}], "ts": 1742142204473, "record_time": 1742142203.582066}
{"action": "update", "arg": {"instType": "SPOT", "channel": "books", "instId": "BTCUSDT"}, "data": [{"asks": [["84283.49", "0.063814"], ["84289.71", "0.053449"], ["84290.03", "0.004974"], ["84290.92", "0.004817"], ["84291.53", "0.151017"], ["84295.49", "0.000292"], ["84298.66", "0.119869"], ["84300.80", "0.006356"], ["84300.83", "0.006356"], ["84301.63", "0.010985"], ["84301.83", "0.006356"], ["84301.95", "0"], ["84302.31", "0.006356"], ["84303.66", "0.006356"], ["84303.91", "0.006356"], ["84304.05", "0"], ["84305.65", "0.006356"], ["84306.53", "0"], ["84306.91", "0"], ["84307.05", "0"], ["84307.15", "0"], ["84307.45", "0"], ["84308.38", "0"], ["84308.58", "1.924536"], ["84309.45", "0"], ["84310.02", "0.119881"], ["84311.38", "0"], ["84312.79", "0.148098"], ["84313.33", "0"], ["84314.56", "0"], ["84317.90", "0"], ["84323.30", "0.002882"], ["84325.12", "0.031812"], ["84325.30", "0.007584"], ["84325.44", "2.202526"], ["84327.30", "0.019957"], ["84329.30", "0.052518"], ["84331.30", "0.138205"], ["84331.80", "0.001597"], ["84333.30", "0.363699"], ["84334.17", "0"], ["84335.30", "0.957101"], ["84337.30", "2.518689"], ["84339.30", "6.628129"], ["84340.20", "0.943980"], ["84341.00", "0.024810"], ["84344.00", "0"], ["84344.20", "0.069600"], ["84344.60", "0"], ["84345.10", "0"], ["84345.30", "6.408180"], ["84350.70", "0.032910"], ["84351.50", "0.288000"], ["84352.70", "1.945950"], ["84353.70", "0.360270"], ["84354.20", "0.007050"], ["84381.40", "4.157631"], ["84389.90", "4.067247"], ["84398.40", "5.603763"], ["84406.90", "4.790314"], ["84415.40", "4.248014"], ["84423.90", "4.971080"], ["84425.84", "0"], ["84432.40", "4.609547"], ["84440.90", "3.976864"], ["84449.40", "5.332613"], ["84457.90", "4.428781"], ["84466.40", "4.338397"], ["84474.90", "4.880697"], ["84483.40", "5.242230"], ["84491.90", "5.061463"], ["84500.40", "5.422996"], ["84508.90", "5.513380"], ["84517.40", "4.699930"], ["84534.40", "3.886481"], ["84542.90", "4.519164"], ["84621.16", "0"], ["84847.82", "0"], ["84849.88", "0"], ["84850.00", "0"], ["84851.66", "0"]], "bids": [["84277.51", "2.774491"], ["84275.79", "0"], ["84272.64", "0.026853"], ["84269.22", "0"], ["84268.92", "0"], ["84266.90", "0.001002"], ["84265.09", "0.007515"], ["84264.90", "0.001032"], ["84262.90", "0.001027"], ["84262.75", "0"], ["84262.49", "0.002062"], ["84262.24", "0"], ["84261.52", "0"], ["84261.27", "0"], ["84260.90", "0.001700"], ["84260.76", "0"], ["84260.57", "0.007955"], ["84260.01", "0"], ["84259.33", "0.014825"], ["84259.18", "0"], ["84258.90", "0.004475"], ["84258.71", "0"], ["84258.37", "0"], ["84258.23", "2.546842"], ["84257.89", "0.004937"], ["84257.36", "0.248017"], ["84256.90", "0.011775"], ["84256.59", "0"], ["84256.13", "0.017837"], ["84255.83", "0.018262"], ["84255.20", "0.007120"], ["84255.14", "0.016461"], ["84255.12", "0"], ["84254.90", "0.030988"], ["84254.30", "0.001037"], ["84254.21", "0"], ["84254.00", "0.001004"], ["84253.93", "0.017080"], ["84253.76", "0.056358"], ["84253.70", "0.018420"], ["84253.50", "0"], ["84252.93", "0.007934"], ["84252.27", "0.017333"], ["84252.00", "0.096210"], ["84250.87", "0.012650"], ["84249.82", "0.002950"], ["84246.50", "0.052380"], ["84246.10", "0"], ["84245.00", "0.197430"], ["84242.30", "0.216420"], ["84241.80", "5.668200"], ["84239.30", "0.177960"], ["84239.10", "2.349450"], ["84239.00", "0.451110"], ["84238.60", "0"], ["84237.00", "0"], ["84235.90", "0"], ["84235.60", "0"], ["84235.50", "0"], ["84235.20", "0"], ["84223.59", "0"], ["84221.23", "0.001189"], ["84216.10", "0.207047"], ["84212.80", "4.157631"], ["84204.30", "5.061463"], ["84195.80", "4.699930"], ["84187.30", "4.248014"], ["84178.80", "5.603763"], ["84170.30", "4.067247"], ["84166.00", "0.000159"], ["84161.80", "3.886481"], ["84144.80", "4.880697"], ["84136.30", "3.976864"], ["84127.80", "4.338397"], ["84119.30", "5.513380"], ["84110.80", "5.242230"], ["84102.30", "4.519164"], ["84093.80", "5.422996"], ["84085.30", "4.428781"], ["84076.80", "5.151847"], ["84068.30", "5.332613"], ["84059.80", "4.790314"], ["84051.30", "4.609547"], ["83946.87", "0"], ["83877.05", "0"], ["83876.25", "0"]], "checksum": 48471874, "ts": "1742142204669"}], "ts": 1742142204679, "record_time": 1742142203.787448}
{"action": "update", "arg": {"instType": "SPOT", "channel": "books", "instId": "BTCUSDT"}, "data": [{"asks": [["84283.48", "0.019144"], ["84285.95", "0.209200"], ["84289.72", "0"], ["84295.49", "0"], ["84296.42", "0.001205"], ["84301.31", "0.006356"], ["84304.20", "0.006356"], ["84307.28", "0.119895"], ["84308.37", "0.119879"], ["84308.58", "0"], ["84309.95", "0"], ["84316.40", "0.001003"], ["84318.40", "0.001745"], ["84319.30", "0"], ["84320.40", "0.004593"], ["84321.30", "0"], ["84322.40", "0.012088"], ["84323.30", "0"], ["84324.40", "0.031810"], ["84325.12", "0"], ["84325.30", "0"], ["84325.44", "0"], ["84326.40", "0.083710"], ["84327.30", "0"], ["84328.40", "0.220290"], ["84329.30", "0"], ["84330.40", "0.579709"], ["84331.30", "0"], ["84332.40", "1.525552"], ["84333.30", "0"], ["84334.40", "4.014610"], ["84335.30", "0"], ["84336.40", "10.564763"], ["84336.70", "0.001013"], ["84337.00", "2.369910"], ["84337.30", "0.001041"], ["84337.80", "0.001046"], ["84338.20", "0.069600"], ["84339.30", "0.617040"], ["84340.20", "0.069600"], ["84340.90", "0"], ["84341.00", "0"], ["84341.10", "0"], ["84341.20", "0.177690"], ["84342.20", "0.973260"], ["84342.80", "0.936510"], ["84343.10", "0.035580"], ["84344.40", "0.423750"], ["84345.90", "0.015060"], ["84346.00", "0"], ["84346.10", "0.015090"], ["84346.40", "0.015150"], ["84346.90", "3.694770"], ["84347.90", "0"], ["84348.60", "0.319770"], ["84348.80", "0"], ["84348.90", "0"], ["84349.20", "0.117000"], ["84350.00", "0.180000"], ["84350.10", "0.135000"], ["84351.50", "0"], ["84351.80", "0"], ["84351.90", "0"], ["84352.70", "0"], ["84353.70", "0"], ["84354.20", "0"], ["84370.73", "0.072042"], ["84378.50", "5.332797"], ["84381.40", "0"], ["84387.00", "4.880865"], ["84389.90", "0"], ["84395.50", "4.428933"], ["84398.40", "0"], ["84404.00", "4.609706"], ["84406.90", "0"], ["84412.50", "4.790478"], ["84415.40", "0"], ["84421.00", "5.152024"], ["84423.90", "0"], ["84429.50", "3.977001"], ["84432.40", "0"], ["84438.00", "4.248160"], ["84440.90", "0"], ["84446.50", "4.700092"], ["84449.40", "0"], ["84455.00", "4.971251"], ["84457.90", "0"], ["84463.50", "5.061638"], ["84466.40", "0"], ["84472.00", "5.423183"], ["84474.90", "0"], ["84480.50", "3.886615"], ["84483.40", "0"], ["84489.00", "5.603956"], ["84491.90", "0"], ["84497.50", "5.242410"], ["84500.40", "0"], ["84506.00", "4.338547"], ["84508.90", "0"], ["84514.50", "4.157774"], ["84517.40", "0"], ["84523.00", "5.513569"], ["84525.90", "0"], ["84531.50", "4.067387"], ["84534.40", "0"], ["84540.00", "4.519319"], ["84542.90", "0"], ["84631.39", "1.656316"], ["84846.55", "0"], ["84846.85", "0"], ["84847.58", "0"]], "bids": [["84277.51", "2.688611"], ["84274.90", "0"], ["84273.78", "0.012680"], ["84272.90", "0"], ["84272.00", "0.001033"], ["84270.90", "0"], ["84270.00", "0.001013"], ["84269.09", "0.072863"], ["84268.90", "0"], ["84268.79", "0.000070"], ["84268.00", "0.001050"], ["84266.90", "0"], ["84266.00", "0.001021"], ["84264.90", "0"], ["84264.00", "0.001025"], ["84262.90", "0"], ["84262.00", "0.001018"], ["84260.90", "0"], ["84260.00", "0.002189"], ["84259.32", "0.058578"], ["84258.90", "0"], ["84258.60", "0.003069"], ["84258.20", "0"], ["84258.00", "0.005760"], ["84256.90", "0"], ["84256.00", "0.015159"], ["84255.68", "0.005938"], ["84254.90", "0"], ["84254.30", "0"], ["84254.00", "0.040082"], ["84253.70", "0"], ["84252.46", "0.008165"], ["84252.00", "0.105481"], ["84251.40", "0.001230"], ["84251.38", "0.194852"], ["84250.90", "0.001024"], ["84250.70", "0.418080"], ["84250.30", "0.001037"], ["84248.96", "0.271918"], ["84248.60", "0.414720"], ["84248.03", "0.222746"], ["84247.50", "0.627390"], ["84246.50", "0.052560"], ["84245.00", "0.229950"], ["84242.30", "0.038460"], ["84241.80", "2.161200"], ["84241.60", "0"], ["84239.30", "0"], ["84238.60", "0.142500"], ["84237.00", "0.425160"], ["84236.60", "0.177960"], ["84235.50", "0.012000"], ["84234.30", "0.090000"], ["84234.00", "1.151130"], ["84212.80", "0"], ["84209.90", "5.242410"], ["84204.30", "0"], ["84201.40", "5.513569"], ["84195.80", "0"], ["84192.90", "4.428933"], ["84187.30", "0"], ["84184.40", "4.338547"], ["84178.80", "0"], ["84175.90", "5.152024"], ["84170.30", "0"], ["84169.00", "0.012717"], ["84167.40", "5.603956"], ["84161.80", "0"], ["84158.90", "4.157774"], ["84153.30", "0"], ["84150.40", "5.061638"], ["84144.80", "0"], ["84141.90", "3.977001"], ["84136.30", "0"], ["84133.40", "4.790478"], ["84127.80", "0"], ["84124.90", "3.886615"], ["84119.30", "0"], ["84116.40", "4.067387"], ["84110.80", "0"], ["84107.90", "4.971251"], ["84102.30", "0"], ["84099.40", "4.880865"], ["84093.80", "0"], ["84090.90", "4.700092"], ["84085.30", "0"], ["84082.40", "4.248160"], ["84076.80", "0"], ["84073.90", "4.609706"], ["84068.30", "0"], ["84065.40", "5.332797"], ["84059.80", "0"], ["84056.90", "4.519319"], ["84051.30", "0"], ["84048.40", "5.423183"], ["83957.03", "1.661683"], ["83885.98", "0"], ["83885.71", "0"], ["83884.62", "0"], ["83884.55", "0"], ["83884.30", "0"], ["83882.98", "0"], ["83882.92", "0"], ["83881.99", "0"], ["83880.00", "0"], ["83877.97", "0"], ["83877.55", "0"], ["83877.42", "0"], ["83877.29", "0"]], "checksum": 825958288, "ts": "1742142204871"}], "ts": 1742142204876, "record_time": 1742142203.984018}
{"action": "update", "arg": {"instType": "SPOT", "channel": "books", "instId": "BTCUSDT"}, "data": [{"asks": [["84277.52", "1.036591"], ["84279.17", "0.063817"], ["84283.48", "0.079511"], ["84283.49", "0"], ["84285.59", "0.140142"], ["84285.65", "0.004595"], ["84285.79", "0.005541"], ["84285.80", "0.001066"], ["84285.81", "0.015048"], ["84285.82", "0.000245"], ["84285.85", "0.008962"], ["84285.89", "0.006307"], ["84286.62", "0.009117"], ["84286.63", "0.011557"], ["84286.65", "0.020799"], ["84286.67", "0.007385"], ["84286.69", "0.004739"], ["84286.70", "0.014986"], ["84289.71", "0"], ["84289.95", "0"], ["84290.02", "0.011520"], ["84290.03", "0"], ["84290.05", "0"], ["84290.06", "0"], ["84290.08", "0"], ["84290.10", "0"], ["84290.14", "0"], ["84290.19", "0"], ["84290.86", "0"], ["84290.88", "0"], ["84290.89", "0"], ["84290.91", "0"], ["84290.92", "0"], ["84290.97", "0"], ["84302.23", "0.006356"], ["84302.27", "0.016428"], ["84304.00", "0.006357"], ["84305.58", "0.009989"], ["84308.18", "0"], ["84308.81", "0"], ["84310.11", "0"], ["84312.34", "0"], ["84312.92", "0.031812"], ["84315.10", "0.001012"], ["84316.40", "0"], ["84317.10", "0.001199"], ["84318.40", "0"], ["84319.10", "0.003328"], ["84320.40", "0"], ["84321.10", "0.008759"], ["84322.40", "0"], ["84323.10", "0.023050"], ["84324.40", "0"], ["84325.10", "0.060657"], ["84326.40", "0"], ["84327.10", "0.159624"], ["84328.40", "0"], ["84329.10", "0.420064"], ["84330.40", "0"], ["84331.10", "1.105430"], ["84332.40", "0"], ["84333.10", "2.909026"], ["84334.40", "0"], ["84335.10", "7.655332"], ["84335.30", "0.001041"], ["84335.40", "0.001042"], ["84335.80", "0.248640"], ["84336.20", "0.069810"], ["84336.40", "15.710760"], ["84336.70", "0"], ["84337.00", "0"], ["84337.30", "0"], ["84337.80", "0"], ["84339.20", "0.009000"], ["84339.30", "0.835020"], ["84341.20", "0"], ["84344.70", "0.015150"], ["84345.10", "0.015120"], ["84345.90", "0"], ["84346.40", "0"], ["84349.00", "0.035580"], ["84350.00", "0"], ["84350.10", "0"], ["84350.20", "0"], ["84350.70", "0"], ["84351.10", "0"], ["84377.20", "4.971327"], ["84378.50", "0"], ["84385.70", "4.609776"], ["84387.00", "0"], ["84394.20", "5.423266"], ["84395.50", "0"], ["84402.70", "4.157837"], ["84404.00", "0"], ["84411.20", "4.338613"], ["84412.50", "0"], ["84419.70", "3.977062"], ["84421.00", "0"], ["84428.20", "4.790552"], ["84429.50", "0"], ["84436.70", "5.152103"], ["84438.00", "0"], ["84445.20", "4.248225"], ["84446.50", "0"], ["84453.70", "5.332878"], ["84455.00", "0"], ["84462.20", "5.061715"], ["84463.50", "0"], ["84470.70", "3.886674"], ["84472.00", "0"], ["84479.20", "5.604042"], ["84480.50", "0"], ["84487.70", "4.880939"], ["84489.00", "0"], ["84496.20", "4.067450"], ["84497.50", "0"], ["84504.70", "5.242490"], ["84506.00", "0"], ["84513.20", "4.519388"], ["84514.50", "0"], ["84521.70", "4.700164"], ["84523.00", "0"], ["84530.20", "4.429001"], ["84531.50", "0"], ["84538.70", "5.513654"], ["84540.00", "0"], ["84846.55", "0.000019"], ["84846.85", "0.000176"]], "bids": [["84272.64", "0"], ["84272.00", "0"], ["84270.70", "0.001004"], ["84270.00", "0"], ["84268.79", "0"], ["84268.70", "0.001012"], ["84268.00", "0"], ["84267.02", "0.003007"], ["84266.70", "0.001026"], ["84266.00", "0"], ["84265.95", "0.000070"], ["84265.18", "0"], ["84265.09", "0"], ["84265.08", "0"], ["84265.05", "0"], ["84265.04", "0"], ["84265.02", "0"], ["84264.70", "0.001028"], ["84264.00", "0"], ["84263.76", "0"], ["84263.74", "0"], ["84263.72", "0"], ["84263.70", "0"], ["84263.66", "0"], ["84263.60", "0.010000"], ["84263.44", "0"], ["84262.70", "0.001009"], ["84262.49", "0"], ["84262.23", "0"], ["84262.17", "0"], ["84262.00", "0"], ["84260.86", "0.000213"], ["84260.80", "0.007515"], ["84260.77", "0.001228"], ["84260.73", "0.022671"], ["84260.70", "0.002018"], ["84260.65", "0"], ["84260.57", "0"], ["84260.00", "0"], ["84259.43", "0.008554"], ["84259.39", "0.007440"], ["84259.36", "0.008988"], ["84259.34", "0.012749"], ["84259.32", "1.009164"], ["84259.09", "0"], ["84259.07", "0.001199"], ["84258.96", "0"], ["84258.70", "0.005312"], ["84258.45", "0"], ["84258.27", "0.002062"], ["84258.00", "0"], ["84257.97", "0.008146"], ["84257.91", "0"], ["84257.90", "0"], ["84257.89", "0"], ["84257.86", "0.007875"], ["84257.83", "0"], ["84256.70", "0.013979"], ["84256.54", "0"], ["84256.46", "0"], ["84256.37", "0.007475"], ["84256.34", "0"], ["84256.21", "0.171413"], ["84256.00", "0"], ["84255.87", "0"], ["84254.70", "0.036785"], ["84254.00", "0"], ["84253.71", "0.005550"], ["84253.65", "0.000875"], ["84253.64", "0.004937"], ["84253.60", "0.008151"], ["84253.59", "0.005089"], ["84253.52", "0.009633"], ["84253.47", "0"], ["84252.70", "0.096803"], ["84252.54", "0.028809"], ["84252.51", "0.007317"], ["84252.24", "0.008674"], ["84252.15", "0.025086"], ["84252.08", "0.010237"], ["84252.00", "0"], ["84251.40", "0"], ["84251.15", "0"], ["84250.90", "0"], ["84250.70", "0.254987"], ["84250.30", "0"], ["84250.23", "0.008284"], ["84249.12", "0.018521"], ["84249.00", "0.002160"], ["84248.60", "0"], ["84248.50", "0.001010"], ["84247.60", "0.053580"], ["84247.50", "0"], ["84247.10", "0.001015"], ["84247.07", "0.021110"], ["84247.00", "0.032070"], ["84246.50", "0"], ["84245.00", "0"], ["84244.19", "0.012440"], ["84242.30", "0"], ["84241.80", "0.808890"], ["84241.50", "0"], ["84239.80", "0"], ["84239.40", "0.177960"], ["84239.30", "0.216420"], ["84239.26", "0"], ["84239.10", "0"], ["84237.00", "0.778470"], ["84236.60", "0"], ["84235.50", "0"], ["84235.01", "0"], ["84234.97", "0.008209"], ["84234.94", "0"], ["84234.50", "0.918810"], ["84233.90", "1.527960"], ["84233.40", "2.223270"], ["84233.10", "0.090000"], ["84232.30", "2.759430"], ["84232.20", "0.142500"], ["84232.10", "0.090000"], ["84232.00", "2.684520"], ["84230.64", "0.007187"], ["84230.63", "0.007585"], ["84209.90", "0"], ["84208.60", "3.977062"], ["84201.40", "0"], ["84200.10", "4.338613"], ["84192.90", "0"], ["84191.60", "4.429001"], ["84184.40", "0"], ["84183.10", "5.152103"], ["84175.90", "0"], ["84174.60", "5.332878"], ["84167.40", "0"], ["84166.10", "4.067450"], ["84158.90", "0"], ["84157.60", "5.604042"], ["84150.40", "0"], ["84149.10", "5.061715"], ["84141.90", "0"], ["84140.60", "4.157837"], ["84133.40", "0"], ["84132.10", "5.242490"], ["84124.90", "0"], ["84123.60", "5.423266"], ["84116.40", "0"], ["84115.10", "4.609776"], ["84107.90", "0"], ["84106.60", "4.971327"], ["84099.40", "0"], ["84098.10", "4.700164"], ["84090.90", "0.000034"], ["84089.60", "4.790552"], ["84082.40", "0"], ["84081.10", "3.886674"], ["84073.90", "0"], ["84072.60", "4.519388"], ["84065.40", "0"], ["84064.10", "4.880939"], ["84056.90", "0"], ["84055.60", "5.513654"], ["84048.40", "0"], ["84047.10", "4.248225"], ["83885.98", "0.000018"]], "checksum": -765107925, "ts": "1742142205073"}], "ts": 1742142205080, "record_time": 1742142204.189084}
{"action": "update", "arg": {"instType": "SPOT", "channel": "books", "instId": "BTCUSDT"}, "data": [{"asks": [["84277.52", "0.745649"], ["84279.16", "0.019145"], ["84285.84", "0.001230"], ["84286.62", "0.026957"], ["84286.67", "0.007463"], ["84288.30", "0.000292"], ["84290.02", "0"], ["84301.39", "1.924586"], ["84312.92", "0"], ["84317.10", "0.001330"], ["84318.25", "2.202476"], ["84319.10", "0.003632"], ["84321.10", "0.009557"], ["84322.50", "0.031812"], ["84323.10", "0.025151"], ["84325.10", "0.066187"], ["84327.10", "0.174175"], ["84329.10", "0.458357"], ["84331.10", "1.206203"], ["84333.10", "3.174218"], ["84335.10", "8.353204"], ["84335.80", "0.143340"], ["84336.40", "12.116730"], ["84336.80", "0.035580"], ["84337.70", "0.410370"], ["84343.40", "0"], ["84345.30", "5.652540"], ["84346.50", "0.032910"], ["84349.20", "0"], ["84377.20", "5.061715"], ["84385.70", "4.880939"], ["84394.20", "3.886674"], ["84402.70", "5.513654"], ["84411.20", "3.977062"], ["84419.70", "5.332878"], ["84428.20", "5.242490"], ["84436.70", "4.338613"], ["84445.20", "4.429001"], ["84453.70", "4.790552"], ["84462.20", "4.157837"], ["84470.70", "5.152103"], ["84479.20", "5.423266"], ["84487.70", "4.971327"], ["84496.20", "5.604042"], ["84504.70", "4.248225"], ["84513.20", "4.067450"], ["84521.70", "4.519388"], ["84530.20", "4.609776"], ["84538.70", "4.700164"], ["84845.00", "0"], ["84845.94", "0"], ["84846.15", "0"], ["84846.55", "0"], ["84846.85", "0"]], "bids": [["84272.63", "0.030445"], ["84265.95", "0"], ["84262.70", "0.001903"], ["84260.70", "0.005008"], ["84258.70", "0.013181"], ["84256.70", "0.034687"], ["84256.34", "0.007955"], ["84254.70", "0.091281"], ["84252.70", "0.240213"], ["84250.70", "0.632140"], ["84250.20", "0.002430"], ["84250.10", "0.001003"], ["84249.00", "0.001950"], ["84248.80", "0.339780"], ["84248.50", "0"], ["84247.60", "0.052560"], ["84247.10", "0"], ["84247.00", "0.059220"], ["84245.10", "0.627300"], ["84241.80", "0.404100"], ["84239.40", "0"], ["84234.30", "0"], ["84232.10", "0"], ["84232.00", "0"], ["84230.85", "0.067546"], ["84208.60", "5.242490"], ["84200.10", "5.513654"], ["84191.60", "5.423266"], ["84183.10", "4.971327"], ["84174.60", "5.604042"], ["84166.10", "4.338613"], ["84157.60", "4.790552"], ["84149.10", "4.429001"], ["84140.60", "4.609776"], ["84132.10", "4.880939"], ["84123.60", "4.519388"], ["84115.10", "4.700164"], ["84106.60", "5.061715"], ["84098.10", "5.332878"], ["84089.60", "4.067450"], ["84081.10", "4.157837"], ["84072.60", "3.977062"], ["84064.10", "5.152103"], ["84055.60", "3.886674"]], "checksum": 1595979700, "ts": "1742142205275"}], "ts": 1742142205280, "record_time": 1742142204.389312}
{"action": "update", "arg": {"instType": "SPOT", "channel": "books", "instId": "BTCUSDT"}, "data": [{"asks": [["84277.52", "0.744459"], ["84285.95", "0"], ["84298.65", "0.035961"], ["84319.10", "0.003268"], ["84321.10", "0.008599"], ["84322.50", "0"], ["84323.10", "0.022631"], ["84325.10", "0.059555"], ["84327.10", "0.156723"], ["84329.10", "0.412429"], ["84331.10", "1.085340"], ["84333.10", "2.856158"], ["84335.10", "7.516465"], ["84335.80", "0.143970"], ["84336.20", "0.069600"], ["84336.40", "8.337690"], ["84344.70", "0"], ["84345.10", "0"], ["84346.70", "0.106800"], ["84347.60", "0.015210"], ["84348.00", "0.015120"], ["84348.60", "0.177270"], ["84349.00", "0"], ["84349.98", "0"], ["84370.73", "0"], ["84377.20", "5.513654"], ["84385.70", "4.609776"], ["84393.46", "0"], ["84394.20", "5.242490"], ["84397.71", "0"], ["84402.70", "4.700164"], ["84411.20", "5.332878"], ["84419.70", "4.971327"], ["84428.20", "4.248225"], ["84436.70", "4.429001"], ["84445.20", "4.157837"], ["84453.70", "4.880939"], ["84462.20", "5.061715"], ["84479.20", "4.338613"], ["84487.70", "5.604042"], ["84496.20", "4.067450"], ["84504.70", "3.977062"], ["84513.20", "5.423266"], ["84521.70", "4.790552"], ["84530.20", "3.886674"], ["84538.70", "4.519388"], ["84845.00", "0.000025"], ["84845.94", "0.000008"], ["84846.15", "0.004277"], ["84846.55", "0.000019"], ["84846.85", "0.000176"]], "bids": [["84273.79", "0.003804"], ["84264.70", "0.001630"], ["84262.70", "0.004289"], ["84260.70", "0.011287"], ["84258.70", "0.029702"], ["84256.70", "0.078163"], ["84256.21", "0.255515"], ["84254.70", "0.205692"], ["84252.70", "0.541296"], ["84250.70", "1.424462"], ["84249.70", "0.001041"], ["84249.00", "0.001740"], ["84248.80", "0.001019"], ["84247.00", "0.059040"], ["84245.10", "0"], ["84245.00", "0.239430"], ["84242.30", "0.177960"], ["84241.80", "1.059060"], ["84240.00", "2.349690"], ["84237.70", "1.080180"], ["84237.00", "0"], ["84233.90", "1.350000"], ["84232.30", "0.090000"], ["84232.20", "0"], ["84208.60", "4.429001"], ["84200.10", "4.790552"], ["84191.60", "3.886674"], ["84183.10", "5.152103"], ["84174.60", "5.242490"], ["84166.10", "4.609776"], ["84164.00", "0"], ["84157.60", "3.977062"], ["84149.10", "4.248225"], ["84140.60", "5.332878"], ["84132.10", "4.067450"], ["84123.60", "5.604042"], ["84115.10", "4.157837"], ["84106.60", "5.423266"], ["84098.10", "4.971327"], ["84089.60", "4.700164"], ["84081.10", "4.880939"], ["84072.60", "5.061715"], ["84064.10", "4.519388"], ["84055.60", "5.513654"], ["84047.10", "4.338613"], ["83886.91", "0"], ["83885.98", "0"]], "checksum": 606785653, "ts": "1742142205476"}], "ts": 1742142205482, "record_time": 1742142204.590656}
{"action": "update", "arg": {"instType": "SPOT", "channel": "books", "instId": "BTCUSDT"}, "data": [{"asks": [["84279.11", "0.063817"], ["84279.16", "0"], ["84279.17", "0"], ["84283.48", "0.052548"], ["84317.10", "0.001204"], ["84321.10", "0.008338"], ["84323.10", "0.021942"], ["84325.10", "0.057743"], ["84327.10", "0.151956"], ["84329.10", "0.399885"], ["84331.10", "1.052328"], ["84333.10", "2.769285"], ["84335.10", "7.287592"], ["84335.80", "0.001050"], ["84336.20", "0"], ["84336.80", "0"], ["84337.70", "0.824610"], ["84338.20", "0"], ["84340.20", "0"], ["84344.40", "0"], ["84348.60", "0.319770"], ["84377.20", "3.977062"], ["84385.70", "4.519388"], ["84394.20", "4.338613"], ["84402.70", "4.248225"], ["84411.20", "4.157837"], ["84419.70", "5.423266"], ["84425.84", "0.209200"], ["84428.20", "5.152103"], ["84436.70", "4.609776"], ["84445.20", "4.880939"], ["84453.70", "4.429001"], ["84462.20", "4.067450"], ["84470.70", "4.971327"], ["84479.20", "5.604042"], ["84487.70", "4.700164"], ["84496.20", "5.242490"], ["84504.70", "3.886674"], ["84513.20", "5.513654"], ["84520.51", "0.001720"], ["84521.70", "5.061715"], ["84530.20", "4.790552"], ["84538.70", "5.332878"], ["84847.58", "0.000039"], ["84847.82", "0.000671"], ["84849.88", "0.000030"], ["84850.00", "0.000031"]], "bids": [["84264.70", "0.001528"], ["84262.70", "0.004022"], ["84260.70", "0.010585"], ["84258.70", "0.027854"], ["84257.74", "0.003036"], ["84256.70", "0.073300"], ["84254.70", "0.192894"], ["84252.70", "0.507617"], ["84250.70", "1.335833"], ["84240.50", "0.803160"], ["84232.30", "0"], ["84208.60", "3.886674"], ["84200.10", "4.700164"], ["84191.60", "4.429001"], ["84183.10", "4.971327"], ["84174.60", "5.152103"], ["84168.00", "0.000121"], ["84166.10", "4.880939"], ["84149.10", "5.604042"], ["84140.60", "4.609776"], ["84132.10", "5.423266"], ["84123.60", "4.067450"], ["84115.10", "5.061715"], ["84106.60", "4.157837"], ["84098.10", "5.332878"], ["84089.60", "4.338613"], ["84081.10", "4.790552"], ["84072.60", "4.519388"], ["84064.10", "5.242490"], ["84055.60", "4.248225"], ["84047.10", "5.513654"], ["83887.11", "0"]], "checksum": -1296110616, "ts": "1742142205683"}], "ts": 1742142205687, "record_time": 1742142204.794215}
{"action": "update", "arg": {"instType": "SPOT", "channel": "books", "instId": "BTCUSDT"}, "data": [{"asks": [["84277.52", "0.953659"], ["84285.59", "0"], ["84285.95", "0.209200"], ["84317.10", "0.001404"], ["84318.24", "0.661723"], ["84319.10", "0.003696"], ["84321.10", "0.009725"], ["84323.10", "0.025769"], ["84325.10", "0.067814"], ["84327.10", "0.178457"], ["84329.10", "0.469625"], ["84331.10", "1.235855"], ["84333.10", "3.252248"], ["84335.10", "8.558548"], ["84335.80", "0.143550"], ["84336.80", "0.035580"], ["84339.30", "0.834300"], ["84341.30", "0.071160"], ["84346.50", "0.204660"], ["84346.70", "0"], ["84370.71", "0.072042"], ["84377.20", "4.880939"], ["84385.70", "5.513654"], ["84394.20", "5.332878"], ["84402.70", "4.519388"], ["84411.20", "5.604042"], ["84419.70", "4.700164"], ["84436.70", "4.971327"], ["84445.20", "3.886674"], ["84453.70", "5.423266"], ["84462.20", "4.790552"], ["84470.70", "5.242490"], ["84479.20", "4.067450"], ["84487.70", "5.061715"], ["84496.20", "4.429001"], ["84504.70", "4.338613"], ["84513.20", "4.248225"], ["84521.70", "4.609776"], ["84530.20", "3.977062"], ["84538.70", "4.157837"], ["84847.82", "0"], ["84849.88", "0"], ["84850.00", "0"]], "bids": [["84274.22", "0.010000"], ["84273.79", "0"], ["84273.78", "0"], ["84265.39", "0.000070"], ["84264.70", "0.001034"], ["84263.60", "0"], ["84262.70", "0.001048"], ["84260.70", "0.001010"], ["84259.29", "0.012680"], ["84258.70", "0.001035"], ["84256.70", "0.001009"], ["84254.70", "0.002052"], ["84252.70", "0.005400"], ["84250.70", "0.014210"], ["84247.00", "0.059220"], ["84245.00", "0"], ["84242.30", "0"], ["84241.80", "0.404100"], ["84240.00", "0"], ["84239.40", "0.177960"], ["84237.70", "0.621780"], ["84233.90", "0"], ["84233.10", "0"], ["84232.30", "2.349630"], ["84208.60", "4.157837"], ["84200.10", "4.519388"], ["84191.60", "4.338613"], ["84183.10", "4.248225"], ["84174.60", "4.429001"], ["84166.10", "3.886674"], ["84157.60", "4.971327"], ["84149.10", "4.609776"], ["84140.60", "5.242490"], ["84132.10", "3.977062"], ["84115.10", "4.790552"], ["84106.60", "4.700164"], ["84098.10", "5.513654"], ["84089.60", "5.604042"], ["84081.10", "5.423266"], ["84072.60", "5.061715"], ["84064.10", "5.332878"], ["84055.60", "4.880939"], ["84047.10", "5.152103"], ["83887.11", "0.000075"], ["83886.91", "0.000145"], ["83885.98", "0.000018"]], "checksum": 1180220441, "ts": "1742142205888"}], "ts": 1742142205891, "record_time": 1742142205.005684}
{"action": "update", "arg": {"instType": "SPOT", "channel": "books", "instId": "BTCUSDT"}, "data": [{"asks": [["84277.52", "0.808278"], ["84279.10", "0.019145"], ["84279.11", "0"], ["84282.43", "0.140138"], ["84323.88", "0.031812"], ["84337.50", "0.936510"], ["84341.30", "0"], ["84342.80", "0"], ["84346.50", "0.032910"], ["84349.00", "0.035580"], ["84377.20", "5.604042"], ["84385.70", "4.157837"], ["84394.20", "5.513654"], ["84402.70", "5.332878"], ["84411.20", "4.519388"], ["84419.70", "4.429001"], ["84428.20", "4.880939"], ["84436.70", "4.248225"], ["84445.20", "5.061715"], ["84453.70", "3.886674"], ["84462.20", "3.977062"], ["84470.70", "5.152103"], ["84479.20", "4.609776"], ["84487.70", "5.423266"], ["84496.20", "5.242490"], ["84504.70", "4.790552"], ["84513.20", "4.067450"], ["84521.70", "4.700164"], ["84530.20", "4.338613"], ["84538.70", "4.971327"], ["84846.85", "0"], ["84847.58", "0"]], "bids": [["84277.51", "2.633459"], ["84274.23", "0.003000"], ["84262.70", "0.001011"], ["84260.70", "0.001021"], ["84258.70", "0.001001"], ["84256.70", "0.001008"], ["84256.21", "0.006565"], ["84249.30", "0.001019"], ["84249.10", "0.302430"], ["84249.00", "0"], ["84248.80", "0"], ["84245.60", "0.645450"], ["84245.00", "0.185670"], ["84239.00", "0"], ["84237.70", "1.626930"], ["84235.50", "2.349540"], ["84234.00", "1.061130"], ["84233.90", "1.350000"], ["84232.30", "2.669430"], ["84232.20", "0.142500"], ["84208.60", "5.242490"], ["84200.11", "0.221024"], ["84200.10", "5.513654"], ["84191.60", "4.157837"], ["84183.10", "4.338613"], ["84174.60", "4.519388"], ["84166.10", "4.067450"], ["84165.00", "0.000159"], ["84157.60", "4.700164"], ["84149.10", "5.423266"], ["84140.60", "5.604042"], ["84132.10", "3.886674"], ["84123.60", "4.790552"], ["84115.10", "5.061715"], ["84106.60", "4.971327"], ["84098.10", "4.609776"], ["84089.60", "3.977062"], ["84081.10", "4.248225"], ["84072.60", "5.152103"], ["84064.10", "4.880939"], ["84055.60", "5.332878"], ["84047.10", "4.429001"], ["83891.30", "0"], ["83888.89", "0"], ["83888.86", "0"], ["83887.29", "0"], ["83887.11", "0"], ["83886.91", "0"], ["83885.98", "0"]], "checksum": -1875862875, "ts": "1742142206087"}], "ts": 1742142206092, "record_time": 1742142205.199738}
{"action": "update", "arg": {"instType": "SPOT", "channel": "books", "instId": "BTCUSDT"}, "data": [{"asks": [["84277.52", "1.003152"], ["84279.10", "0"], ["84282.42", "0.117700"], ["84283.48", "0"], ["84301.86", "0.119843"], ["84308.83", "0"], ["84313.50", "0.001132"], ["84315.10", "0"], ["84315.50", "0.001964"], ["84317.10", "0"], ["84317.50", "0.005168"], ["84319.10", "0"], ["84319.50", "0.013601"], ["84321.10", "0"], ["84321.50", "0.035793"], ["84323.10", "0"], ["84323.50", "0.094191"], ["84323.88", "0"], ["84325.10", "0"], ["84325.50", "0.247870"], ["84327.10", "0"], ["84327.50", "0.652403"], ["84327.51", "0.031812"], ["84329.10", "0"], ["84329.50", "1.716851"], ["84331.10", "0"], ["84331.50", "4.518028"], ["84333.10", "0"], ["84333.50", "11.889548"], ["84333.70", "0.001010"], ["84334.50", "0.001018"], ["84334.60", "0.001048"], ["84335.10", "4.757880"], ["84335.30", "0"], ["84335.40", "0"], ["84335.80", "0.142500"], ["84336.40", "3.943260"], ["84339.30", "0.373440"], ["84340.20", "0.035580"], ["84341.20", "0.015120"], ["84341.60", "0.015120"], ["84342.80", "0.015090"], ["84343.10", "0"], ["84344.20", "0.186600"], ["84345.00", "0.180000"], ["84345.70", "0.198000"], ["84345.80", "0.090000"], ["84346.10", "0.035580"], ["84347.60", "0"], ["84348.00", "0"], ["84348.60", "0"], ["84349.00", "0"], ["84375.60", "4.609864"], ["84377.20", "0"], ["84384.10", "4.429085"], ["84385.70", "0"], ["84392.60", "5.423369"], ["84394.20", "0"], ["84401.10", "5.152201"], ["84402.70", "0"], ["84409.60", "4.338695"], ["84411.20", "0"], ["84418.10", "3.977137"], ["84419.70", "0"], ["84426.60", "5.061811"], ["84428.20", "0"], ["84435.10", "4.881032"], ["84436.70", "0"], ["84443.60", "5.513758"], ["84445.20", "0"], ["84452.10", "4.067527"], ["84453.70", "0"], ["84460.60", "5.242590"], ["84462.20", "0"], ["84469.10", "4.157916"], ["84470.70", "0"], ["84477.60", "4.971422"], ["84479.20", "0"], ["84486.10", "5.332979"], ["84487.70", "0"], ["84494.60", "4.519474"], ["84496.20", "0"], ["84503.10", "3.886748"], ["84504.70", "0"], ["84511.60", "5.604148"], ["84513.20", "0"], ["84520.10", "4.790643"], ["84521.70", "0"], ["84528.60", "4.700253"], ["84530.20", "0"], ["84537.10", "4.248306"], ["84538.70", "0"], ["84845.94", "0"], ["84846.15", "0"], ["84846.55", "0"]], "bids": [["84277.45", "0.055152"], ["84270.70", "0"], ["84269.10", "0.001049"], ["84268.70", "0"], ["84268.65", "0.000070"], ["84267.10", "0.001032"], ["84266.70", "0"], ["84265.39", "0"], ["84265.10", "0.001008"], ["84264.70", "0"], ["84263.10", "0.001038"], ["84262.70", "0"], ["84261.10", "0.001966"], ["84260.70", "0"], ["84259.10", "0.005173"], ["84258.70", "0"], ["84257.42", "0"], ["84257.10", "0.013615"], ["84256.70", "0"], ["84255.10", "0.035828"], ["84254.70", "0"], ["84254.08", "0"], ["84253.10", "0.094284"], ["84252.70", "0"], ["84251.10", "0.248115"], ["84250.70", "0"], ["84250.45", "0.227687"], ["84250.20", "0"], ["84250.10", "0"], ["84249.70", "0"], ["84249.30", "0"], ["84249.10", "0.652934"], ["84249.00", "0.002160"], ["84248.50", "0.001034"], ["84247.60", "0.053580"], ["84247.00", "0.059850"], ["84246.50", "1.062660"], ["84246.41", "0.263346"], ["84245.70", "0.077550"], ["84245.60", "0"], ["84245.00", "0.142680"], ["84241.80", "0.392010"], ["84233.90", "0"], ["84232.00", "2.669430"], ["84231.20", "0.177600"], ["84231.00", "0.030000"], ["84230.40", "0.451110"], ["84208.60", "0"], ["84207.00", "4.700253"], ["84200.10", "0"], ["84198.50", "4.248306"], ["84191.60", "0"], ["84190.00", "5.332979"], ["84183.10", "0"], ["84181.50", "3.886748"], ["84174.60", "0"], ["84173.00", "5.242590"], ["84166.10", "0"], ["84164.50", "4.157916"], ["84157.60", "0"], ["84156.00", "5.152201"], ["84149.10", "0"], ["84147.50", "5.513758"], ["84140.60", "0"], ["84139.00", "4.338695"], ["84132.10", "0"], ["84130.50", "4.429085"], ["84123.60", "0"], ["84122.00", "3.977137"], ["84115.10", "0"], ["84113.50", "4.790643"], ["84106.60", "0"], ["84105.00", "5.061811"], ["84098.10", "0"], ["84096.50", "5.423369"], ["84089.60", "0"], ["84088.00", "4.881032"], ["84081.10", "0"], ["84079.50", "4.519474"], ["84072.60", "0"], ["84071.00", "4.067527"], ["84064.10", "0.000014"], ["84062.50", "5.604148"], ["84055.60", "0"], ["84054.00", "4.971422"], ["84047.10", "0"], ["84045.50", "4.609864"], ["83891.43", "0"]], "checksum": -1903938940, "ts": "1742142206301"}], "ts": 1742142206305, "record_time": 1742142205.413701}
{"action": "update", "arg": {"instType": "SPOT", "channel": "books", "instId": "BTCUSDT"}, "data": [{"asks": [["84277.52", "0.808278"], ["84305.50", "0.010000"], ["84315.50", "0.001688"], ["84317.50", "0.004442"], ["84319.50", "0.011691"], ["84321.50", "0.030764"], ["84323.50", "0.080960"], ["84325.50", "0.213051"], ["84327.50", "0.560661"], ["84329.50", "1.475423"], ["84331.50", "3.882693"], ["84333.50", "10.217612"], ["84335.10", "3.780180"], ["84342.19", "0.344889"], ["84384.10", "5.423369"], ["84392.60", "5.604148"], ["84401.10", "3.977137"], ["84409.60", "4.248306"], ["84418.10", "4.338695"], ["84426.60", "4.790643"], ["84435.10", "5.061811"], ["84443.60", "4.429085"], ["84460.60", "4.881032"], ["84469.10", "5.332979"], ["84477.60", "5.513758"], ["84486.10", "5.242590"], ["84503.10", "4.971422"], ["84511.60", "3.886748"], ["84520.10", "5.152201"], ["84528.60", "4.157916"], ["84537.10", "4.700253"], ["84844.53", "0"], ["84845.00", "0"]], "bids": [["84277.46", "0.019546"], ["84274.23", "0"], ["84268.65", "0"], ["84250.95", "0.289093"], ["84247.50", "0.592080"], ["84247.00", "0.059220"], ["84246.50", "0.245880"], ["84245.70", "0.066270"], ["84243.80", "0.069600"], ["84239.00", "0.265440"], ["84238.00", "2.349480"], ["84235.50", "0"], ["84232.10", "0.030390"], ["84231.00", "0"], ["84230.40", "0"], ["84207.00", "4.609864"], ["84200.11", "0"], ["84198.50", "4.881032"], ["84190.00", "5.242590"], ["84181.50", "5.423369"], ["84173.00", "4.519474"], ["84167.00", "0"], ["84164.50", "3.886748"], ["84156.00", "4.429085"], ["84147.50", "4.700253"], ["84139.00", "5.513758"], ["84130.50", "4.971422"], ["84122.00", "4.157916"], ["84113.50", "5.604148"], ["84096.50", "4.248306"], ["84088.00", "5.332979"], ["84079.50", "5.152201"], ["84071.00", "4.790643"], ["84062.50", "4.067527"], ["84054.00", "4.338695"], ["84045.50", "3.977137"], ["83891.43", "0.000455"]], "checksum": 394209688, "ts": "1742142206508"}], "ts": 1742142206511, "record_time": 1742142205.619308}
{"action": "update", "arg": {"instType": "SPOT", "channel": "books", "instId": "BTCUSDT"}, "data": [{"asks": [["84313.50", "0.001017"], ["84319.50", "0.011494"], ["84321.50", "0.030246"], ["84323.50", "0.079595"], ["84325.50", "0.209461"], ["84327.50", "0.551213"], ["84327.51", "0"], ["84329.50", "1.450297"], ["84331.50", "3.816572"], ["84333.50", "10.043609"], ["84333.80", "0.267210"], ["84334.70", "0.269760"], ["84335.10", "1.941540"], ["84336.40", "3.943680"], ["84336.80", "0"], ["84337.50", "0"], ["84337.70", "0.414240"], ["84343.00", "0.410370"], ["84343.70", "0.936510"], ["84346.20", "0.081930"], ["84347.50", "0"], ["84348.10", "0"], ["84370.71", "0"], ["84375.60", "5.061811"], ["84384.10", "4.429085"], ["84392.60", "3.886748"], ["84401.10", "4.609864"], ["84409.60", "4.157916"], ["84418.10", "5.513758"], ["84426.60", "3.977137"], ["84435.10", "5.604148"], ["84443.60", "4.790643"], ["84452.10", "4.248306"], ["84460.60", "4.700253"], ["84469.10", "4.519474"], ["84477.60", "5.332979"], ["84486.10", "4.338695"], ["84494.60", "4.067527"], ["84511.60", "5.152201"], ["84520.10", "4.881032"], ["84528.60", "5.242590"], ["84537.10", "5.423369"], ["84844.53", "0.000423"], ["84845.00", "0.000025"]], "bids": [["84272.14", "0.000070"], ["84263.10", "0.002001"], ["84261.10", "0.005266"], ["84259.10", "0.013859"], ["84257.10", "0.036472"], ["84255.10", "0.095978"], ["84253.10", "0.252574"], ["84251.10", "0.664668"], ["84249.10", "1.749125"], ["84249.00", "0.001048"], ["84247.60", "0.053370"], ["84247.50", "0"], ["84247.00", "0.059040"], ["84246.50", "0"], ["84245.70", "0.043080"], ["84245.00", "0.142500"], ["84243.80", "0"], ["84241.80", "1.170480"], ["84240.70", "0.265440"], ["84240.60", "2.349420"], ["84239.00", "0"], ["84238.00", "0"], ["84237.70", "0.621780"], ["84233.70", "0.030000"], ["84232.10", "0"], ["84231.20", "0"], ["84207.00", "3.977137"], ["84198.50", "5.152201"], ["84190.00", "5.423369"], ["84181.50", "4.700253"], ["84173.00", "4.971422"], ["84164.50", "4.790643"], ["84156.00", "5.332979"], ["84147.50", "5.513758"], ["84139.00", "5.242590"], ["84130.50", "4.338695"], ["84122.00", "4.067527"], ["84113.50", "4.609864"], ["84105.00", "4.157916"], ["84096.50", "4.881032"], ["84088.00", "5.061811"], ["84079.50", "5.604148"], ["84071.00", "3.886748"], ["84062.50", "4.248306"], ["84054.00", "4.519474"], ["84045.50", "4.429085"], ["83891.30", "0.000010"], ["83888.89", "0.000163"], ["83888.86", "0.000371"]], "checksum": 205474398, "ts": "1742142206710"}], "ts": 1742142206713, "record_time": 1742142205.820676}
{"action": "update", "arg": {"instType": "SPOT", "channel": "books", "instId": "BTCUSDT"}, "data": [{"asks": [["84301.38", "0.629180"], ["84315.50", "0.001797"], ["84317.50", "0.004731"], ["84319.50", "0.012449"], ["84321.50", "0.032761"], ["84323.50", "0.086213"], ["84325.50", "0.226875"], ["84327.50", "0.597041"], ["84329.50", "1.571160"], ["84331.50", "4.134632"], ["84333.50", "10.880609"], ["84335.10", "1.350660"], ["84346.20", "0.069600"], ["84347.50", "1.613520"], ["84374.96", "0.072042"], ["84375.60", "4.609864"], ["84384.10", "5.604148"], ["84392.60", "4.248306"], ["84401.10", "4.790643"], ["84409.60", "4.971422"], ["84418.10", "4.429085"], ["84426.60", "3.886748"], ["84435.10", "5.423369"], ["84443.60", "3.977137"], ["84452.10", "4.700253"], ["84460.60", "5.152201"], ["84469.10", "4.157916"], ["84477.60", "4.519474"], ["84486.10", "5.242590"], ["84494.60", "5.513758"], ["84503.10", "5.061811"], ["84511.60", "5.332979"], ["84528.60", "4.338695"], ["84537.10", "4.067527"], ["84842.11", "0"], ["84844.53", "0"], ["84845.00", "0"]], "bids": [["84263.10", "0.001013"], ["84261.10", "0.001967"], ["84259.10", "0.005177"], ["84257.10", "0.013625"], ["84255.10", "0.035855"], ["84253.10", "0.094353"], ["84251.10", "0.248299"], ["84249.10", "0.653418"], ["84232.50", "0.090000"], ["84232.00", "0"], ["84207.00", "4.338695"], ["84198.50", "4.790643"], ["84190.00", "4.157916"], ["84181.50", "4.609864"], ["84173.00", "5.423369"], ["84166.00", "0"], ["84164.50", "4.881032"], ["84147.50", "5.604148"], ["84139.00", "5.061811"], ["84130.50", "4.700253"], ["84122.00", "3.886748"], ["84113.50", "4.248306"], ["84105.00", "5.513758"], ["84096.50", "4.519474"], ["84088.00", "3.977137"], ["84079.50", "4.067527"], ["84071.00", "5.152201"], ["84062.50", "4.429085"], ["84054.00", "4.971422"], ["84045.50", "5.242590"], ["83887.29", "0.000586"]], "checksum": 1300699076, "ts": "1742142206915"}], "ts": 1742142206918, "record_time": 1742142206.025452}
{"action": "update", "arg": {"instType": "SPOT", "channel": "books", "instId": "BTCUSDT"}, "data": [{"asks": [["84313.50", "0.001119"], ["84319.50", "0.012647"], ["84321.50", "0.033281"], ["84323.50", "0.087581"], ["84325.50", "0.230478"], ["84327.50", "0.606360"], ["84329.49", "1.108314"], ["84329.50", "1.595685"], ["84331.50", "4.199169"], ["84333.50", "11.050446"], ["84333.80", "0.001008"], ["84335.20", "0.011400"], ["84342.19", "0"], ["84347.50", "0"], ["84375.60", "4.338695"], ["84392.60", "5.061811"], ["84401.10", "4.429085"], ["84409.60", "5.513758"], ["84418.10", "5.152201"], ["84426.60", "5.242590"], ["84435.10", "4.700253"], ["84452.10", "4.248306"], ["84460.60", "5.423369"], ["84469.10", "4.067527"], ["84477.60", "4.881032"], ["84486.10", "4.609864"], ["84494.60", "4.157916"], ["84503.10", "4.790643"], ["84511.60", "4.971422"], ["84520.10", "4.519474"], ["84528.60", "3.886748"], ["84537.10", "5.332979"]], "bids": [["84273.45", "0.000070"], ["84272.14", "0"], ["84251.10", "0.248157"], ["84249.10", "0.653046"], ["84247.30", "0.655920"], ["84246.00", "0.273420"], ["84245.70", "0"], ["84234.50", "0.948810"], ["84233.70", "0"], ["84198.50", "4.429085"], ["84190.00", "5.513758"], ["84181.50", "5.152201"], ["84173.00", "4.609864"], ["84169.00", "0.012838"], ["84164.50", "3.886748"], ["84156.00", "4.248306"], ["84147.50", "4.700253"], ["84139.00", "5.332979"], ["84130.50", "4.971422"], ["84122.00", "4.790643"], ["84113.50", "4.157916"], ["84105.00", "5.061811"], ["84096.50", "4.067527"], ["84088.00", "5.604148"], ["84079.50", "5.242590"], ["84071.00", "4.519474"], ["84062.50", "5.423369"], ["84054.00", "4.881032"], ["84045.50", "3.977137"]], "checksum": -266284105, "ts": "1742142207126"}], "ts": 1742142207130, "record_time": 1742142206.23802}
{"action": "update", "arg": {"instType": "SPOT", "channel": "books", "instId": "BTCUSDT"}, "data": [{"asks": [["84277.52", "0.807799"], ["84282.42", "0"], ["84282.43", "0"], ["84285.95", "0"], ["84286.62", "0.009117"], ["84294.38", "0"], ["84305.50", "0"], ["84315.50", "0.001015"], ["84317.50", "0.001026"], ["84319.50", "0.001096"], ["84321.50", "0.001025"], ["84323.50", "0.001931"], ["84325.50", "0.005082"], ["84327.50", "0.013372"], ["84329.50", "0.035190"], ["84331.50", "0.092605"], ["84333.50", "0.243697"], ["84333.60", "0.001024"], ["84334.60", "0"], ["84334.70", "0"], ["84335.10", "0"], ["84335.20", "0"], ["84335.80", "0"], ["84336.40", "0"], ["84337.70", "0.618840"], ["84338.20", "2.349030"], ["84338.70", "0.265950"], ["84339.30", "0.056520"], ["84340.20", "0"], ["84342.20", "0.142500"], ["84343.00", "0"], ["84343.70", "0"], ["84343.80", "0.489570"], ["84344.20", "0"], ["84345.00", "0"], ["84345.20", "1.779300"], ["84345.30", "3.139350"], ["84345.70", "0"], ["84345.80", "0"], ["84346.20", "0"], ["84347.50", "1.613520"], ["84348.60", "0.319770"], ["84350.10", "0.135000"], ["84350.20", "0.076650"], ["84350.80", "0.012540"], ["84374.96", "0"], ["84375.60", "5.423369"], ["84384.10", "5.061811"], ["84392.60", "4.971422"], ["84409.60", "4.881032"], ["84418.10", "4.338695"], ["84426.60", "4.157916"], ["84434.27", "0.209200"], ["84435.10", "3.886748"], ["84443.60", "4.519474"], ["84452.10", "4.609864"], ["84460.60", "5.332979"], ["84477.60", "4.248306"], ["84486.10", "5.513758"], ["84494.60", "5.604148"], ["84511.60", "5.152201"], ["84520.10", "4.700253"], ["84528.60", "3.977137"], ["84537.10", "5.242590"], ["84842.11", "0.000068"], ["84844.53", "0.000423"], ["84845.00", "0.000025"], ["84845.94", "0.000008"], ["84846.15", "0.004277"], ["84846.55", "0.000019"], ["84846.85", "0.000176"], ["84847.58", "0.000039"], ["84847.82", "0.000671"]], "bids": [["84277.51", "2.715265"], ["84276.14", "0.140120"], ["84274.22", "0"], ["84273.45", "0"], ["84265.10", "0.001282"], ["84263.10", "0.003374"], ["84261.10", "0.008878"], ["84259.29", "0"], ["84259.10", "0.023364"], ["84257.10", "0.061485"], ["84255.10", "0.161802"], ["84253.10", "0.425794"], ["84251.10", "1.120511"], ["84249.10", "2.948714"], ["84248.90", "0.343560"], ["84248.80", "0.645990"], ["84248.70", "2.349180"], ["84248.50", "0"], ["84247.80", "0.069600"], ["84247.60", "0.265440"], ["84247.30", "0"], ["84247.00", "0.197880"], ["84246.00", "0.334260"], ["84243.80", "0.069600"], ["84242.70", "0.918810"], ["84241.80", "0.791010"], ["84240.70", "1.350000"], ["84240.60", "0"], ["84237.70", "0.451830"], ["84234.50", "0"], ["84234.40", "0.030000"], ["84233.90", "0.410370"], ["84232.30", "0.248880"], ["84232.20", "0"], ["84207.00", "4.971422"], ["84198.50", "3.977137"], ["84190.00", "5.423369"], ["84181.50", "4.338695"], ["84164.50", "4.067527"], ["84156.00", "5.061811"], ["84147.50", "5.604148"], ["84139.00", "4.248306"], ["84130.50", "5.513758"], ["84122.00", "5.152201"], ["84113.50", "4.790643"], ["84105.00", "3.886748"], ["84096.50", "4.700253"], ["84088.00", "4.157916"], ["84079.50", "5.332979"], ["84071.00", "4.881032"], ["84062.50", "4.519474"], ["84054.00", "4.429085"], ["84045.50", "5.242590"], ["83887.29", "0"]], "checksum": -497431090, "ts": "1742142207327"}], "ts": 1742142207332, "record_time": 1742142206.44083}
{"action": "update", "arg": {"instType": "SPOT", "channel": "books", "instId": "BTCUSDT"}, "data": [{"asks": [["84307.27", "0.119924"], ["84313.50", "0.001013"], ["84323.50", "0.001568"], ["84325.50", "0.004125"], ["84327.50", "0.010856"], ["84329.49", "0.092037"], ["84329.50", "0.028570"], ["84331.50", "0.075182"], ["84333.50", "0.197848"], ["84334.00", "0.004110"], ["84337.70", "0.414240"], ["84338.20", "0"], ["84338.70", "0"], ["84338.90", "0.599430"], ["84339.30", "0.811500"], ["84340.10", "0.333360"], ["84342.20", "0"], ["84343.00", "2.348910"], ["84345.20", "0"], ["84345.30", "1.540470"], ["84345.60", "0.265950"], ["84346.10", "0"], ["84349.40", "0.936510"], ["84350.80", "0"], ["84375.60", "4.157916"], ["84384.10", "4.700253"], ["84401.10", "4.248306"], ["84409.60", "4.609864"], ["84418.10", "4.790643"], ["84426.60", "4.338695"], ["84435.10", "4.519474"], ["84443.60", "5.152201"], ["84452.10", "5.423369"], ["84460.60", "4.881032"], ["84469.10", "3.977137"], ["84477.60", "5.513758"], ["84486.10", "3.886748"], ["84503.10", "5.061811"], ["84511.60", "4.429085"], ["84520.10", "5.242590"], ["84528.60", "5.332979"], ["84537.10", "4.067527"], ["84847.82", "0"]], "bids": [["84277.46", "0.056138"], ["84265.10", "0.002738"], ["84263.10", "0.007204"], ["84261.10", "0.018958"], ["84259.10", "0.049891"], ["84257.10", "0.131292"], ["84255.10", "0.345505"], ["84253.10", "0.909224"], ["84251.10", "2.392695"], ["84249.10", "6.296565"], ["84248.90", "1.016640"], ["84247.60", "0"], ["84246.00", "0.042990"], ["84242.70", "0"], ["84240.20", "0.410370"], ["84240.00", "0.025350"], ["84237.70", "0.090810"], ["84237.60", "0.090000"], ["84237.30", "0.030000"], ["84236.60", "0.090000"], ["84234.40", "0"], ["84234.30", "0.090000"], ["84234.00", "0"], ["84233.90", "0"], ["84232.50", "0"], ["84232.30", "0"], ["84230.85", "0"], ["84222.42", "0.000595"], ["84207.00", "4.700253"], ["84198.50", "4.881032"], ["84190.00", "4.157916"], ["84181.50", "4.248306"], ["84173.00", "5.423369"], ["84164.50", "5.152201"], ["84156.00", "4.971422"], ["84147.50", "4.338695"], ["84139.00", "4.067527"], ["84130.50", "5.061811"], ["84122.00", "5.242590"], ["84113.50", "5.513758"], ["84105.00", "5.604148"], ["84096.50", "4.429085"], ["84088.00", "5.332979"], ["84079.50", "3.886748"], ["84071.00", "4.790643"], ["84062.50", "4.609864"], ["84054.00", "3.977137"], ["84045.50", "4.519474"], ["83887.29", "0.000586"]], "checksum": -506489436, "ts": "1742142207529"}], "ts": 1742142207532, "record_time": 1742142206.640719}
{"action": "update", "arg": {"instType": "SPOT", "channel": "books", "instId": "BTCUSDT"}, "data": [{"asks": [["84289.02", "0.140119"], ["84329.49", "0"], ["84333.50", "0.197718"], ["84333.80", "0.009300"], ["84334.00", "0.001014"], ["84334.50", "0"], ["84350.10", "0"], ["84375.60", "5.332979"], ["84384.10", "5.152201"], ["84392.60", "4.429085"], ["84401.10", "3.977137"], ["84409.60", "5.604148"], ["84426.60", "4.971422"], ["84435.10", "4.881032"], ["84443.60", "5.513758"], ["84452.10", "4.248306"], ["84460.60", "5.423369"], ["84469.10", "5.061811"], ["84477.60", "4.519474"], ["84486.10", "4.338695"], ["84494.60", "3.886748"], ["84503.10", "4.067527"], ["84511.60", "4.609864"], ["84520.10", "4.700253"], ["84528.60", "4.157916"], ["84537.10", "5.242590"], ["84847.82", "0.000671"], ["84849.88", "0.000030"]], "bids": [["84277.51", "2.715425"], ["84255.11", "0.235955"], ["84238.50", "0.090000"], ["84238.20", "0.030000"], ["84237.70", "0.133470"], ["84237.30", "0"], ["84236.90", "0.090000"], ["84236.70", "0.090000"], ["84234.30", "0"], ["84233.40", "0"], ["84207.00", "5.152201"], ["84198.50", "4.338695"], ["84190.00", "5.242590"], ["84181.50", "5.604148"], ["84173.00", "3.886748"], ["84164.50", "5.332979"], ["84164.00", "0.000159"], ["84156.00", "4.429085"], ["84147.50", "5.423369"], ["84139.00", "4.790643"], ["84130.50", "3.977137"], ["84122.00", "4.700253"], ["84113.50", "4.248306"], ["84105.00", "5.513758"], ["84096.50", "4.881032"], ["84088.00", "5.061811"], ["84079.50", "4.971422"], ["84071.00", "4.609864"], ["84062.50", "4.157916"], ["84054.00", "4.067527"], ["83888.89", "0"], ["83888.86", "0"], ["83887.29", "0"]], "checksum": -1987959906, "ts": "1742142207731"}], "ts": 1742142207734, "record_time": 1742142206.842463}
{"action": "update", "arg": {"instType": "SPOT", "channel": "books", "instId": "BTCUSDT"}, "data": [{"asks": [["84294.38", "0.209200"], ["84312.78", "0.143414"], ["84315.32", "0"], ["84321.50", "0.002999"], ["84323.50", "0.007893"], ["84325.50", "0.020769"], ["84327.50", "0.054655"], ["84329.50", "0.143829"], ["84331.50", "0.378498"], ["84333.50", "0.996049"], ["84333.80", "0.016920"], ["84334.90", "0.312690"], ["84337.70", "0.539010"], ["84338.90", "0"], ["84340.10", "0"], ["84341.90", "1.350000"], ["84342.20", "0.142500"], ["84343.00", "0"], ["84344.50", "0.265950"], ["84345.60", "0"], ["84346.10", "0.035580"], ["84375.60", "4.157916"], ["84384.10", "4.790643"], ["84392.60", "5.332979"], ["84401.10", "5.423369"], ["84409.00", "0.125315"], ["84409.60", "3.977137"], ["84418.10", "3.886748"], ["84426.60", "5.604148"], ["84432.82", "0"], ["84435.10", "4.609864"], ["84443.60", "4.519474"], ["84452.10", "4.881032"], ["84460.60", "5.242590"], ["84469.10", "4.338695"], ["84477.60", "5.061811"], ["84486.10", "4.067527"], ["84494.60", "4.429085"], ["84503.10", "4.971422"], ["84511.60", "5.152201"], ["84520.10", "4.248306"], ["84528.60", "4.700253"], ["84537.10", "5.513758"], ["84628.49", "1.631305"], ["84631.39", "0"], ["84847.82", "0"], ["84849.88", "0"]], "bids": [["84277.51", "2.506155"], ["84277.45", "0"], ["84276.19", "0.000070"], ["84265.10", "0.002008"], ["84263.10", "0.005283"], ["84261.10", "0.013902"], ["84259.10", "0.036585"], ["84257.10", "0.096510"], ["84255.10", "0.253974"], ["84253.10", "0.668353"], ["84251.38", "0"], ["84251.10", "1.758822"], ["84250.95", "0.003523"], ["84249.10", "4.628480"], ["84248.70", "0"], ["84246.40", "2.349240"], ["84240.00", "0"], ["84236.50", "0.025350"], ["84207.00", "5.604148"], ["84198.50", "5.242590"], ["84190.00", "5.423369"], ["84181.50", "3.886748"], ["84173.00", "5.152201"], ["84168.00", "0"], ["84156.00", "4.609864"], ["84147.50", "4.157916"], ["84139.00", "4.248306"], ["84130.50", "4.881032"], ["84122.00", "4.338695"], ["84113.50", "4.067527"], ["84105.00", "4.790643"], ["84096.50", "4.971422"], ["84088.00", "5.513758"], ["84079.50", "5.061811"], ["84071.00", "4.429085"], ["84062.50", "4.519474"], ["84054.00", "4.700253"], ["84045.50", "3.977137"], ["83957.03", "0"], ["83954.15", "1.686694"], ["83888.89", "0.000163"], ["83888.86", "0.000371"]], "checksum": -235946923, "ts": "1742142207932"}], "ts": 1742142207935, "record_time": 1742142207.044052}
{"action": "update", "arg": {"instType": "SPOT", "channel": "books", "instId": "BTCUSDT"}, "data": [{"asks": [["84319.50", "0.001814"], ["84321.50", "0.004773"], ["84323.50", "0.012561"], ["84325.50", "0.033055"], ["84327.50", "0.086987"], ["84329.50", "0.228911"], ["84331.50", "0.602399"], ["84333.50", "1.585259"], ["84333.80", "0.032880"], ["84334.00", "0"], ["84334.50", "0.001040"], ["84334.90", "0.531330"], ["84337.70", "0.414240"], ["84339.30", "0.454530"], ["84342.30", "0.265950"], ["84344.50", "0"], ["84345.30", "1.135470"], ["84346.90", "3.943650"], ["84350.80", "0.410370"], ["84375.60", "4.519474"], ["84384.10", "4.157916"], ["84392.60", "5.152201"], ["84401.10", "5.332979"], ["84409.60", "5.604148"], ["84418.10", "4.429085"], ["84426.60", "4.067527"], ["84435.10", "4.700253"], ["84443.60", "4.971422"], ["84452.10", "3.977137"], ["84460.60", "4.338695"], ["84469.10", "4.790643"], ["84477.60", "5.242590"], ["84486.10", "5.513758"], ["84494.60", "4.881032"], ["84503.10", "5.423369"], ["84511.60", "3.886748"], ["84520.10", "5.061811"], ["84528.60", "4.248306"], ["84537.10", "4.609864"], ["84847.58", "0"]], "bids": [["84277.51", "2.715355"], ["84277.46", "0.094766"], ["84263.10", "0.005108"], ["84261.10", "0.013440"], ["84259.10", "0.035370"], ["84257.10", "0.093079"], ["84255.10", "0.244943"], ["84253.10", "0.644588"], ["84251.10", "1.696285"], ["84249.10", "4.463907"], ["84248.60", "0.265440"], ["84238.60", "0.172500"], ["84238.20", "0"], ["84207.00", "4.790643"], ["84198.50", "5.061811"], ["84190.00", "4.971422"], ["84181.50", "4.338695"], ["84173.00", "4.248306"], ["84164.50", "5.513758"], ["84156.00", "5.332979"], ["84139.00", "4.700253"], ["84130.50", "5.242590"], ["84122.00", "3.886748"], ["84113.50", "3.977137"], ["84105.00", "4.519474"], ["84096.50", "5.152201"], ["84088.00", "5.423369"], ["84079.50", "4.881032"], ["84071.00", "4.067527"], ["84062.50", "4.429085"], ["84054.00", "5.604148"], ["84045.50", "4.609864"]], "checksum": -1668154110, "ts": "1742142208131"}], "ts": 1742142208135, "record_time": 1742142207.243156}
{"action": "update", "arg": {"instType": "SPOT", "channel": "books", "instId": "BTCUSDT"}, "data": [{"asks": [["84319.50", "0.001031"], ["84321.50", "0.001965"], ["84323.50", "0.005172"], ["84325.50", "0.013611"], ["84327.50", "0.035817"], ["84329.50", "0.094257"], ["84331.50", "0.248045"], ["84333.50", "0.652748"], ["84334.90", "0.312690"], ["84342.10", "0.265950"], ["84342.30", "0"], ["84366.83", "0"], ["84375.60", "4.700253"], ["84384.10", "4.338695"], ["84392.60", "4.971422"], ["84401.10", "5.152201"], ["84409.60", "4.519474"], ["84418.10", "5.332979"], ["84426.60", "5.513758"], ["84435.10", "4.881032"], ["84443.60", "4.609864"], ["84452.10", "5.061811"], ["84460.60", "5.604148"], ["84469.10", "5.423369"], ["84477.60", "3.977137"], ["84486.10", "4.248306"], ["84494.60", "5.242590"], ["84503.10", "4.157916"], ["84520.10", "4.429085"], ["84528.60", "4.067527"], ["84537.10", "4.790643"], ["84847.58", "0.000039"]], "bids": [["84276.35", "0.000070"], ["84276.19", "0"], ["84268.78", "0.189435"], ["84248.70", "0.265440"], ["84248.60", "0"], ["84230.85", "0.013001"], ["84207.00", "3.977137"], ["84198.50", "4.881032"], ["84190.00", "5.152201"], ["84181.50", "5.061811"], ["84173.00", "5.242590"], ["84165.00", "0"], ["84164.50", "4.609864"], ["84156.00", "4.248306"], ["84147.50", "4.338695"], ["84139.00", "4.157916"], ["84130.50", "4.429085"], ["84122.00", "5.604148"], ["84113.50", "3.886748"], ["84105.00", "5.332979"], ["84096.50", "5.513758"], ["84088.00", "4.700253"], ["84079.50", "4.067527"], ["84071.00", "4.971422"], ["84062.50", "5.423369"], ["84054.00", "4.519474"], ["84045.50", "4.790643"], ["83888.86", "0"]], "checksum": -356923878, "ts": "1742142208332"}], "ts": 1742142208339, "record_time": 1742142207.454488}
{"action": "update", "arg": {"instType": "SPOT", "channel": "books", "instId": "BTCUSDT"}, "data": [{"asks": [["84321.50", "0.001013"], ["84323.50", "0.001026"], ["84325.50", "0.002016"], ["84327.50", "0.005304"], ["84329.50", "0.013958"], ["84331.50", "0.036733"], ["84333.50", "0.096404"], ["84333.80", "0.001021"], ["84334.00", "0.007740"], ["84334.90", "0"], ["84337.70", "0.539010"], ["84339.30", "0.093630"], ["84341.89", "0.700797"], ["84341.90", "0"], ["84342.20", "0"], ["84345.20", "1.743900"], ["84345.30", "0"], ["84346.10", "0.013980"], ["84375.60", "4.067527"], ["84392.60", "4.429085"], ["84401.10", "5.332979"], ["84409.60", "4.248306"], ["84418.10", "5.604148"], ["84426.60", "4.700253"], ["84435.10", "5.423369"], ["84442.70", "0.209200"], ["84443.60", "3.977137"], ["84460.60", "4.971422"], ["84469.10", "4.157916"], ["84477.60", "4.609864"], ["84486.10", "5.513758"], ["84494.60", "4.881032"], ["84503.10", "5.152201"], ["84511.60", "5.242590"], ["84520.10", "3.886748"], ["84528.60", "4.790643"], ["84537.10", "4.519474"]], "bids": [["84269.09", "0.112297"], ["84265.10", "0.002372"], ["84263.10", "0.006240"], ["84261.10", "0.016422"], ["84259.10", "0.043215"], ["84257.10", "0.113725"], ["84255.10", "0.299275"], ["84253.10", "0.787566"], ["84251.10", "2.072543"], ["84249.10", "5.454059"], ["84248.80", "2.995170"], ["84248.70", "0"], ["84246.40", "0"], ["84239.10", "0.030000"], ["84238.60", "0.142500"], ["84207.00", "4.790643"], ["84190.00", "4.609864"], ["84181.50", "4.971422"], ["84173.00", "4.338695"], ["84164.50", "4.248306"], ["84156.00", "5.152201"], ["84147.50", "3.886748"], ["84139.00", "4.700253"], ["84130.50", "5.332979"], ["84122.00", "5.513758"], ["84113.50", "4.157916"], ["84105.00", "4.067527"], ["84096.50", "5.061811"], ["84088.00", "4.429085"], ["84079.50", "3.977137"], ["84071.00", "5.242590"], ["84062.50", "4.519474"], ["84054.00", "5.604148"], ["84045.50", "5.423369"], ["83888.86", "0.000371"]], "checksum": 1062382842, "ts": "1742142208535"}], "ts": 1742142208538, "record_time": 1742142207.645963}
{"action": "update", "arg": {"instType": "SPOT", "channel": "books", "instId": "BTCUSDT"}, "data": [{"asks": [["84286.66", "0.050280"], ["84321.50", "0.001787"], ["84323.50", "0.004702"], ["84325.50", "0.012373"], ["84327.50", "0.032561"], ["84329.50", "0.085533"], ["84331.50", "0.225087"], ["84333.50", "0.592336"], ["84333.60", "0.626790"], ["84334.00", "0"], ["84334.20", "0.382320"], ["84334.30", "0.010650"], ["84334.50", "0"], ["84337.70", "1.348230"], ["84337.80", "2.349060"], ["84341.89", "0"], ["84341.90", "1.350000"], ["84342.20", "0.142500"], ["84345.20", "1.209390"], ["84346.10", "0.033120"], ["84350.20", "0"], ["84350.80", "0"], ["84375.60", "4.609864"], ["84392.60", "5.061811"], ["84401.10", "4.157916"], ["84409.60", "4.700253"], ["84418.10", "4.067527"], ["84426.60", "4.790643"], ["84435.10", "5.152201"], ["84443.60", "5.513758"], ["84452.10", "3.977137"], ["84460.60", "3.886748"], ["84469.10", "5.332979"], ["84477.60", "5.242590"], ["84486.10", "5.423369"], ["84494.60", "5.604148"], ["84503.10", "4.429085"], ["84511.60", "4.971422"], ["84520.10", "4.519474"], ["84528.60", "4.881032"], ["84537.10", "4.248306"], ["84847.58", "0"]], "bids": [["84276.35", "0"], ["84276.33", "0.000070"], ["84265.10", "0.001727"], ["84263.10", "0.004545"], ["84261.10", "0.011959"], ["84259.10", "0.031471"], ["84257.10", "0.082820"], ["84255.10", "0.217946"], ["84253.10", "0.573542"], ["84251.10", "1.509322"], ["84249.10", "3.971900"], ["84248.90", "1.016220"], ["84248.80", "0.645990"], ["84246.60", "2.349240"], ["84241.70", "1.061130"], ["84207.00", "5.332979"], ["84198.50", "3.977137"], ["84190.00", "5.061811"], ["84181.50", "3.886748"], ["84173.00", "4.790643"], ["84167.00", "0.000121"], ["84164.50", "4.519474"], ["84156.00", "4.067527"], ["84147.50", "4.881032"], ["84130.50", "5.604148"], ["84122.00", "5.423369"], ["84105.00", "5.242590"], ["84096.50", "4.609864"], ["84088.00", "5.152201"], ["84079.50", "4.338695"], ["84071.00", "4.248306"], ["84062.50", "5.513758"], ["84054.00", "4.971422"], ["84045.50", "4.429085"], ["83891.30", "0"], ["83888.89", "0"], ["83888.86", "0"]], "checksum": -853521300, "ts": "1742142208735"}], "ts": 1742142208738, "record_time": 1742142207.846821}
{"action": "update", "arg": {"instType": "SPOT", "channel": "books", "instId": "BTCUSDT"}, "data": [{"asks": [["84277.52", "0.808278"], ["84285.78", "0.011520"], ["84321.50", "0.001784"], ["84323.50", "0.004693"], ["84325.50", "0.012351"], ["84327.50", "0.032503"], ["84334.20", "1.572510"], ["84335.60", "2.349120"], ["84337.70", "0.414240"], ["84337.80", "0"], ["84339.30", "0.529590"], ["84340.60", "0.265950"], ["84342.10", "0"], ["84375.60", "5.152201"], ["84384.10", "5.604148"], ["84392.60", "3.977137"], ["84401.10", "4.790643"], ["84409.60", "5.332979"], ["84418.10", "5.061811"], ["84426.60", "4.067527"], ["84435.10", "4.609864"], ["84443.60", "4.519474"], ["84452.10", "4.157916"], ["84460.60", "4.700253"], ["84469.10", "4.338695"], ["84477.60", "5.513758"], ["84486.10", "4.248306"], ["84494.60", "5.423369"], ["84503.10", "4.971422"], ["84511.60", "3.886748"], ["84520.10", "4.881032"], ["84528.60", "4.429085"], ["84537.10", "5.242590"], ["84846.85", "0"]], "bids": [["84265.10", "0.001534"], ["84263.10", "0.004036"], ["84261.10", "0.010622"], ["84259.10", "0.027951"], ["84257.10", "0.073556"], ["84255.10", "0.193568"], ["84253.10", "0.509391"], ["84251.10", "1.340503"], ["84249.10", "3.527639"], ["84247.10", "0.265440"], ["84246.00", "0.194400"], ["84242.80", "0.451110"], ["84241.80", "1.217790"], ["84240.10", "0.039000"], ["84239.10", "0"], ["84236.50", "0"], ["84207.00", "4.157916"], ["84198.50", "4.700253"], ["84190.00", "3.886748"], ["84181.50", "4.429085"], ["84173.00", "4.338695"], ["84164.50", "5.332979"], ["84156.00", "5.152201"], ["84147.50", "5.423369"], ["84139.00", "3.977137"], ["84130.50", "5.242590"], ["84122.00", "4.881032"], ["84113.50", "4.248306"], ["84105.00", "4.609864"], ["84096.50", "5.061811"], ["84088.00", "4.519474"], ["84079.50", "5.604148"], ["84071.00", "4.067527"], ["84062.50", "4.971422"], ["84054.00", "5.513758"], ["84045.50", "4.790643"]], "checksum": 1223830979, "ts": "1742142208935"}], "ts": 1742142208941, "record_time": 1742142208.065517}
{"action": "update", "arg": {"instType": "SPOT", "channel": "books", "instId": "BTCUSDT"}, "data": [{"asks": [["84293.05", "0.003017"], ["84293.62", "0.002907"], ["84294.27", "0.001827"], ["84294.66", "0"], ["84294.70", "0"], ["84295.85", "0"], ["84305.80", "0.016427"], ["84307.21", "0.010984"], ["84308.32", "0"], ["84309.59", "0"], ["84309.92", "0.015892"], ["84310.75", "0.009989"], ["84312.13", "0"], ["84312.15", "0.006356"], ["84312.95", "0"], ["84314.37", "0"], ["84324.71", "0.084140"], ["84338.81", "0.001597"], ["84341.97", "0"], ["84375.60", "4.067527"], ["84384.10", "4.881032"], ["84392.60", "4.519474"], ["84401.10", "4.700253"], ["84409.60", "4.248306"], ["84418.10", "5.152201"], ["84426.60", "5.332979"], ["84443.60", "4.971422"], ["84460.60", "5.061811"], ["84469.10", "5.423369"], ["84486.10", "5.604148"], ["84494.60", "3.886748"], ["84503.10", "4.429085"], ["84511.60", "3.977137"], ["84520.10", "4.338695"], ["84528.60", "4.790643"], ["84846.55", "0"]], "bids": [["84268.78", "0"], ["84259.10", "0.027788"], ["84257.10", "0.073127"], ["84255.10", "0.192438"], ["84254.80", "0"], ["84253.10", "0.506415"], ["84252.43", "0.052111"], ["84251.10", "1.332671"], ["84250.94", "0"], ["84249.10", "3.507030"], ["84248.73", "0.076018"], ["84244.43", "0"], ["84241.95", "0.023741"], ["84227.51", "0"], ["84224.35", "0.001180"], ["84207.00", "3.886748"], ["84198.50", "5.513758"], ["84190.00", "4.067527"], ["84181.50", "5.332979"], ["84173.00", "4.881032"], ["84166.00", "0.000159"], ["84164.50", "3.977137"], ["84156.00", "4.609864"], ["84147.50", "4.971422"], ["84139.00", "5.423369"], ["84130.50", "4.157916"], ["84122.00", "4.429085"], ["84113.50", "5.061811"], ["84105.00", "4.248306"], ["84096.50", "5.604148"], ["84088.00", "5.242590"], ["84079.50", "4.700253"], ["84071.00", "4.519474"], ["84062.50", "4.790643"], ["84054.00", "5.152201"], ["84045.50", "4.338695"]], "checksum": -1273654021, "ts": "1742142209136"}], "ts": 1742142209139, "record_time": 1742142208.24771}
{"action": "update", "arg": {"instType": "SPOT", "channel": "books", "instId": "BTCUSDT"}, "data": [{"asks": [["84285.78", "0"], ["84321.50", "0.001402"], ["84323.50", "0.003690"], ["84325.50", "0.009710"], ["84327.50", "0.025552"], ["84329.50", "0.067243"], ["84331.50", "0.176954"], ["84333.50", "0.465670"], ["84341.20", "0"], ["84341.60", "0"], ["84344.20", "0.015120"], ["84344.60", "0.015180"], ["84375.60", "4.429085"], ["84384.10", "4.248306"], ["84392.60", "3.977137"], ["84401.10", "5.332979"], ["84409.60", "4.067527"], ["84418.10", "5.604148"], ["84426.60", "5.061811"], ["84435.10", "4.338695"], ["84443.60", "4.881032"], ["84452.10", "4.519474"], ["84460.60", "3.886748"], ["84469.10", "5.513758"], ["84477.60", "5.152201"], ["84486.10", "4.157916"], ["84494.60", "5.242590"], ["84503.10", "5.423369"], ["84511.60", "4.790643"], ["84520.10", "4.609864"], ["84528.60", "4.971422"], ["84537.10", "4.700253"], ["84846.55", "0.000019"]], "bids": [["84277.51", "2.675355"], ["84270.29", "0.197268"], ["84269.09", "0.072863"], ["84265.10", "0.002414"], ["84263.10", "0.006353"], ["84261.10", "0.016720"], ["84259.10", "0.043999"], ["84257.10", "0.115787"], ["84255.10", "0.304701"], ["84253.10", "0.801847"], ["84252.20", "0.197876"], ["84251.10", "2.110286"], ["84250.95", "0.016524"], ["84249.10", "5.553383"], ["84248.90", "0.001016"], ["84247.40", "0.265440"], ["84247.10", "0"], ["84241.00", "0.030000"], ["84240.10", "0.009000"], ["84236.50", "0.025350"], ["84216.10", "0"], ["84207.00", "4.248306"], ["84198.50", "4.881032"], ["84190.00", "4.790643"], ["84181.50", "4.429085"], ["84173.00", "5.604148"], ["84164.50", "5.242590"], ["84156.00", "4.971422"], ["84147.50", "4.338695"], ["84139.00", "5.513758"], ["84130.50", "5.152201"], ["84122.00", "5.332979"], ["84105.00", "3.886748"], ["84096.50", "4.067527"], ["84088.00", "4.519474"], ["84079.50", "4.609864"], ["84071.00", "4.157916"], ["84062.50", "3.977137"], ["84054.00", "5.423369"], ["84045.50", "4.700253"], ["83893.62", "0"], ["83892.29", "0"], ["83891.43", "0"]], "checksum": 1513744214, "ts": "1742142209336"}], "ts": 1742142209341, "record_time": 1742142208.448864}
