{"action": "snapshot", "arg": {"instType": "SPOT", "channel": "books", "instId": "BTCUSDT"}, "data": [{"asks": [["85830.02", "0.494340"], ["85830.03", "0.000100"], ["85830.04", "0.000100"], ["85830.05", "0.000100"], ["85830.90", "0.042512"], ["85830.92", "0.109892"], ["85831.28", "0.101172"], ["85836.10", "0.006423"], ["85837.70", "0.012077"], ["85837.71", "0.007500"], ["85839.25", "0.013858"], ["85839.39", "0.001619"], ["85839.42", "0.014913"], ["85839.43", "0.002365"], ["85847.18", "0.074701"], ["85847.19", "0.209200"], ["85851.29", "0.046752"], ["85851.30", "0.035959"], ["85851.68", "0.119880"], ["85852.99", "0.006357"], ["85853.04", "0.015997"], ["85853.05", "0.035972"], ["85853.36", "0.006357"], ["85853.62", "0.006357"], ["85854.06", "0.006359"], ["85854.40", "0.006357"], ["85854.56", "0.006357"], ["85855.04", "0.010993"], ["85855.05", "0.022786"], ["85855.44", "0.006357"], ["85855.57", "0.006357"], ["85855.66", "0.006357"], ["85855.92", "0.119889"], ["85855.94", "0.016429"], ["85856.08", "0.006357"], ["85856.10", "0.006357"], ["85857.13", "0.006357"], ["85857.65", "0.006357"], ["85857.72", "0.010991"], ["85857.81", "0.718551"], ["85858.21", "0.209200"], ["85858.32", "0.001451"], ["85858.51", "0.009990"], ["85859.53", "0.119879"], ["85860.00", "0.002000"], ["85860.21", "1.863019"], ["85860.46", "0.119880"], ["85860.84", "0.119885"], ["85860.98", "0.015889"], ["85861.16", "0.010000"], ["85861.99", "0.008441"], ["85862.00", "0.005891"], ["85863.14", "0.006357"], ["85865.11", "0.015890"], ["85865.65", "0.154995"], ["85865.66", "0.307451"], ["85866.00", "0.010985"], ["85866.79", "0.209200"], ["85869.05", "0.001350"], ["85872.70", "0.114699"], ["85873.56", "0.383648"], ["85875.37", "0.209200"], ["85878.44", "0.016775"], ["85884.88", "0.184860"], ["85886.54", "0.001598"], ["85886.89", "0.001598"], ["85887.76", "0.209200"], ["85888.24", "0.772083"], ["85888.25", "2.980074"], ["85890.00", "0.013480"], ["85893.01", "0.000033"], ["85893.10", "0.001015"], ["85893.55", "0.000166"], ["85895.10", "0.001036"], ["85895.29", "0.060989"], ["85895.30", "0.203297"], ["85895.80", "0.001218"], ["85897.10", "0.001702"], ["85897.97", "0.256501"], ["85897.98", "0.698503"], ["85898.90", "0.209200"], ["85898.91", "0.001199"], ["85899.10", "0.004478"], ["85901.10", "0.011785"], ["85902.26", "0.010000"], ["85903.10", "0.031013"], ["85905.09", "0.073150"], ["85905.10", "0.081612"], ["85907.10", "0.214770"], ["85909.10", "0.565184"], ["85911.10", "1.487326"], ["85912.21", "0.209200"], ["85913.10", "3.914017"], ["85913.40", "0.001028"], ["85913.80", "0.001006"], ["85913.90", "0.001006"], ["85914.00", "0.777300"], ["85914.02", "0.000380"], ["85914.40", "0.006000"], ["85914.50", "2.305680"], ["85915.00", "0.007050"], ["85915.50", "0.385410"], ["85915.80", "0.022620"], ["85916.10", "0.096840"], ["85916.30", "0.304380"], ["85917.40", "0.169800"], ["85917.60", "0.120000"], ["85918.30", "0.960715"], ["85919.00", "0.007050"], ["85920.00", "0.002101"], ["85920.80", "0.209200"], ["85921.35", "1.745782"], ["85921.70", "1.890120"], ["85923.00", "0.076920"], ["85923.10", "0.098460"], ["85923.20", "0.012480"], ["85923.40", "0.289650"], ["85923.80", "0.139800"], ["85924.70", "0.120000"], ["85924.80", "0.034950"], ["85925.40", "0.552090"], ["85925.70", "0.068280"], ["85925.80", "0.479940"], ["85926.40", "0.120000"], ["85936.90", "0.000022"], ["85936.91", "0.209200"], ["85943.50", "0.001765"], ["85948.04", "0.000019"], ["85948.89", "0.087288"], ["85948.90", "0.303558"], ["85950.00", "0.002000"], ["85952.45", "0.209200"], ["85956.00", "4.436379"], ["85959.15", "0.001810"], ["85959.66", "0.000109"], ["85961.02", "0.209200"], ["85964.60", "4.968744"], ["85966.00", "0.005026"], ["85968.23", "0.055250"], ["85968.71", "0.122981"], ["85969.05", "0.003620"], ["85969.59", "0.209200"], ["85970.00", "0.001183"], ["85973.20", "5.234927"], ["85977.00", "0.000040"], ["85977.68", "0.069724"], ["85980.00", "0.002000"], ["85980.01", "0.000402"], ["85980.39", "0.000008"], ["85981.29", "0.000028"], ["85981.48", "0.000011"], ["85981.80", "3.815286"], ["85982.14", "0.000008"], ["85984.85", "0.000009"], ["85985.00", "0.294338"], ["85985.58", "0.000035"], ["85986.00", "0.000134"], ["85986.73", "0.209200"], ["85986.84", "0.000093"], ["85987.04", "0.000022"], ["85987.70", "0.000016"], ["85987.94", "0.000174"], ["85988.00", "0.000012"], ["85988.41", "0.000013"], ["85990.40", "5.412382"], ["85990.41", "0.005787"], ["85991.19", "0.000023"], ["85991.60", "0.041940"], ["85992.57", "0.000039"], ["85994.88", "0.000010"], ["85994.95", "0.000018"], ["85995.00", "0.002793"], ["85996.01", "0.000126"], ["85997.44", "0.000019"], ["85999.00", "4.702561"], ["85999.77", "0.000013"], ["85999.89", "0.000007"], ["85999.99", "0.000029"], ["86000.00", "0.223644"], ["86000.04", "0.000010"], ["86000.06", "0.000008"], ["86000.40", "0.295368"], ["86001.52", "0.000008"], ["86002.27", "0.000015"], ["86003.87", "0.209200"], ["86005.18", "0.000023"], ["86006.04", "0.000044"], ["86006.36", "0.000063"], ["86007.60", "4.525106"], ["86008.00", "0.001165"], ["86008.77", "0.000022"], ["86009.13", "0.021124"], ["86010.00", "0.002893"], ["86011.11", "0.000134"], ["86012.45", "0.209200"], ["86013.64", "0.000052"], ["86016.20", "3.904013"], ["86016.74", "0.000010"], ["86017.24", "0.000008"], ["86017.86", "0.000128"], ["86018.18", "0.000008"], ["86019.11", "0.000044"], ["86020.41", "0.000024"], ["86020.58", "0.000051"], ["86021.03", "0.209200"], ["86021.43", "0.000074"], ["86022.13", "0.000027"], ["86022.22", "0.000025"], ["86023.48", "0.000035"], ["86024.10", "0.000008"], ["86024.80", "5.057471"], ["86025.00", "0.000926"], ["86026.67", "0.000072"], ["86027.27", "0.000059"], ["86028.57", "0.000273"], ["86029.41", "0.000426"], ["86029.61", "0.209200"], ["86030.00", "0.000146"], ["86030.49", "0.000009"], ["86031.36", "0.000230"], ["86032.00", "0.001149"], ["86032.79", "0.000997"], ["86033.24", "0.000008"], ["86033.33", "0.000010"], ["86033.40", "5.501109"], ["86034.49", "0.000146"], ["86035.09", "0.000025"], ["86036.00", "0.000113"], ["86036.04", "0.000051"], ["86037.47", "0.001720"], ["86037.50", "0.000708"], ["86038.19", "0.209200"], ["86038.31", "0.000024"], ["86038.46", "0.000009"], ["86038.71", "0.000054"], ["86039.03", "0.000026"], ["86040.00", "0.003412"], ["86041.27", "0.000009"], ["86041.67", "0.000344"], ["86042.00", "4.081468"], ["86042.19", "0.000008"], ["86043.30", "0.308038"], ["86044.60", "0.000008"], ["86046.00", "0.001788"], ["86046.32", "0.000013"], ["86046.77", "0.209200"], ["86047.06", "0.000071"], ["86047.62", "0.000265"], ["86048.13", "0.000008"], ["86048.37", "0.000078"], ["86048.39", "0.000039"], ["86048.91", "0.000423"], ["86050.00", "0.000088"], ["86050.60", "4.880016"], ["86050.79", "0.167203"], ["86050.81", "0.000030"], ["86052.63", "0.000192"], ["86054.05", "0.000008"], ["86054.65", "0.000531"], ["86055.00", "0.000893"], ["86055.17", "0.000135"], ["86055.35", "0.209200"], ["86055.97", "0.000024"], ["86056.33", "0.000022"], ["86057.60", "0.000018"], ["86058.82", "0.000111"], ["86059.20", "4.170196"], ["86060.00", "0.015529"], ["86062.50", "0.000012"], ["86063.46", "0.000096"], ["86063.74", "0.000012"], ["86063.93", "0.209200"], ["86065.68", "0.000016"], ["86066.18", "0.000041"], ["86066.67", "0.000529"], ["86067.80", "4.791289"], ["86069.25", "0.000065"], ["86070.00", "0.003000"], ["86071.42", "0.000008"], ["86071.43", "0.000271"], ["86072.07", "0.000176"], ["86072.51", "0.209200"], ["86072.70", "0.000188"], ["86074.07", "0.000219"], ["86075.23", "0.012154"], ["86076.40", "5.323654"], ["86076.51", "0.000140"], ["86076.92", "0.000008"], ["86076.99", "0.000033"], ["86077.22", "0.000016"], ["86078.35", "0.000162"], ["86080.00", "0.005271"], ["86081.63", "0.000085"], ["86082.50", "0.498504"], ["86083.33", "0.002054"], ["86084.03", "0.041940"], ["86084.75", "0.000023"], ["86085.00", "4.347651"], ["86085.80", "0.002929"], ["86086.00", "0.000035"], ["86086.13", "0.000019"], ["86086.67", "0.000013"], ["86086.96", "0.016809"], ["86087.50", "0.000251"], ["86088.15", "0.000161"], ["86089.67", "0.209200"], ["86090.00", "0.000059"], ["86090.91", "0.001825"], ["86090.96", "0.000093"], ["86091.11", "0.000009"], ["86092.31", "0.000015"], ["86093.02", "0.000010"], ["86093.60", "5.146199"], ["86093.70", "0.000032"], ["86094.05", "0.000011"], ["86095.62", "0.000009"], ["86096.00", "0.000133"], ["86096.49", "0.000022"], ["86096.65", "0.000039"], ["86097.19", "0.000022"], ["86098.00", "0.030198"], ["86098.26", "0.209200"], ["86098.45", "0.000023"], ["86098.55", "0.000013"], ["86099.91", "0.000018"], ["86100.00", "0.036361"], ["86100.01", "0.001187"], ["86101.14", "0.000057"], ["86101.32", "0.000023"], ["86101.97", "0.000093"], ["86102.20", "4.258923"], ["86102.87", "0.000038"], ["86104.00", "0.000022"], ["86104.44", "0.000011"], ["86105.77", "0.000035"], ["86105.93", "0.000010"], ["86106.20", "0.000010"], ["86106.64", "0.000044"], ["86106.85", "0.209200"], ["86107.29", "0.000043"], ["86108.11", "0.000009"], ["86108.79", "0.000010"], ["86109.31", "0.000068"], ["86110.09", "0.000072"], ["86110.71", "0.000074"], ["86110.80", "4.613834"], ["86111.08", "0.000371"], ["86111.11", "0.000113"], ["86111.30", "0.001273"], ["86112.53", "0.000019"], ["86112.68", "0.000099"], ["86114.15", "0.000248"], ["86114.29", "0.000024"], ["86114.46", "0.000008"], ["86114.65", "0.000044"], ["86115.00", "0.000891"], ["86115.25", "0.000008"], ["86115.44", "0.209200"], ["86116.95", "0.000021"], ["86117.65", "0.000522"], ["86118.78", "0.000015"], ["86119.06", "0.000009"], ["86119.25", "0.000050"], ["86119.40", "3.992741"], ["86119.79", "0.000014"], ["86120.00", "0.000132"], ["86121.21", "0.000010"], ["86122.30", "0.000135"], ["86122.81", "0.000025"], ["86122.95", "0.000997"], ["86125.00", "0.001292"], ["86126.13", "0.000051"], ["86127.00", "0.000232"], ["86127.27", "0.000008"], ["86127.74", "0.000010"], ["86130.00", "0.000891"], ["86130.05", "0.000124"], ["86130.77", "0.000417"], ["86133.33", "0.000354"], ["86133.50", "0.000314"], ["86133.95", "0.000009"], ["86133.97", "0.000379"], ["86134.42", "0.000042"], ["86135.14", "0.001431"], ["86135.29", "0.000071"], ["86136.00", "0.000012"], ["86136.36", "0.000012"], ["86138.12", "0.000285"], ["86140.00", "0.000011"], ["86140.22", "0.000011"], ["86140.65", "0.000051"], ["86141.22", "0.000013"], ["86142.86", "0.000282"], ["86143.12", "0.000024"], ["86144.44", "0.000025"], ["86145.00", "0.000889"], ["86145.45", "0.000008"], ["86146.72", "0.000017"], ["86147.06", "0.000111"], ["86148.15", "0.000008"], ["86149.27", "0.000423"], ["86150.00", "0.000312"], ["86151.72", "0.000135"], ["86151.75", "0.000099"], ["86152.79", "0.000012"], ["86153.83", "0.000022"], ["86153.84", "0.000400"], ["86153.85", "0.000067"], ["86155.84", "0.000088"], ["86156.82", "0.000314"], ["86157.14", "0.000128"], ["86157.89", "0.000202"], ["86159.50", "0.000113"], ["86160.00", "0.001345"], ["86162.16", "0.000008"], ["86162.50", "0.000016"], ["86163.92", "0.000010"], ["86164.39", "0.000010"], ["86164.73", "0.000704"], ["86164.93", "0.000019"], ["86166.56", "0.000007"], ["86166.66", "0.000293"], ["86166.67", "0.000639"], ["86166.69", "0.000466"], ["86166.71", "0.000010"], ["86166.73", "0.000008"], ["86166.74", "0.000016"], ["86167.67", "0.000010"], ["86167.86", "0.000273"], ["86168.22", "0.000034"], ["86168.44", "0.000095"], ["86169.15", "0.000008"], ["86169.35", "0.000039"], ["86169.85", "0.000013"], ["86170.00", "0.000011"], ["86171.53", "0.000096"], ["86172.22", "0.000134"], ["86173.34", "0.000008"], ["86174.17", "0.000176"], ["86175.00", "0.001140"], ["86175.22", "0.000008"], ["86176.14", "0.000067"], ["86176.47", "0.042051"], ["86177.29", "0.000064"], ["86177.78", "0.000009"], ["86180.00", "0.019051"], ["86180.07", "0.000008"], ["86181.81", "0.000057"], ["86181.82", "0.001891"], ["86182.33", "0.000059"], ["86182.80", "0.000054"], ["86183.33", "0.000322"], ["86183.40", "0.000537"], ["86183.67", "0.000085"], ["86184.00", "0.000012"], ["86184.21", "0.000031"], ["86184.62", "0.000015"], ["86185.73", "0.000008"], ["86186.19", "0.000424"], ["86187.50", "0.000850"], ["86187.94", "0.000188"], ["86188.79", "0.000008"], ["86189.83", "0.000023"], ["86190.00", "0.000889"], ["86191.27", "0.000027"], ["86191.71", "0.000023"], ["86192.38", "0.000145"], ["86195.04", "0.000075"], ["86195.65", "0.002633"], ["86196.20", "0.000039"], ["86197.76", "0.000150"], ["86198.26", "0.000017"], ["86198.35", "0.000161"], ["86200.00", "0.012373"], ["86200.74", "0.000039"], ["86200.84", "0.000010"], ["86200.92", "0.000040"], ["86201.21", "0.209200"], ["86202.52", "0.000160"], ["86204.82", "0.000008"], ["86205.00", "0.000889"], ["86205.88", "0.000417"], ["86205.91", "0.001270"], ["86206.90", "0.000008"], ["86207.25", "0.000044"], ["86207.34", "0.000022"], ["86207.63", "0.000009"], ["86207.94", "0.000033"], ["86208.00", "0.000580"], ["86208.70", "0.000013"], ["86209.21", "0.000011"], ["86210.00", "0.000121"], ["86210.13", "0.000036"], ["86210.19", "0.000044"], ["86210.53", "0.000025"], ["86211.45", "0.000023"], ["86212.50", "0.000708"], ["86213.11", "0.000997"], ["86213.33", "0.000072"], ["86214.29", "0.000016"]], "bids": [["85830.01", "0.705868"], ["85830.00", "0.077210"], ["85829.11", "1.103255"], ["85829.10", "0.975723"], ["85827.45", "0.013848"], ["85827.10", "2.567693"], ["85827.00", "0.001045"], ["85826.99", "0.000659"], ["85826.80", "0.001013"], ["85826.70", "0.001025"], ["85826.56", "0.007666"], ["85826.40", "0.128400"], ["85826.30", "0.000350"], ["85826.17", "0.006077"], ["85825.10", "0.035310"], ["85825.03", "0.109892"], ["85825.00", "0.140010"], ["85824.90", "0.209280"], ["85824.50", "0.015000"], ["85824.34", "0.030529"], ["85823.80", "0.022770"], ["85823.61", "0.710062"], ["85823.60", "3.419280"], ["85823.50", "0.071730"], ["85823.40", "0.015000"], ["85823.30", "0.060000"], ["85823.24", "0.008187"], ["85823.22", "0.006363"], ["85823.21", "0.008399"], ["85823.20", "0.009148"], ["85823.18", "0.009751"], ["85823.10", "0.073260"], ["85823.00", "0.360000"], ["85822.90", "0.126060"], ["85822.60", "0.030000"], ["85822.30", "0.166440"], ["85822.00", "0.005790"], ["85821.17", "0.021097"], ["85820.10", "0.022770"], ["85819.70", "0.022020"], ["85819.40", "0.168000"], ["85819.30", "0.168000"], ["85818.90", "0.017250"], ["85818.80", "2.433060"], ["85818.60", "0.314490"], ["85818.50", "0.487020"], ["85818.30", "1.048200"], ["85817.83", "0.006355"], ["85817.80", "0.526680"], ["85817.77", "0.003779"], ["85817.71", "0.209200"], ["85817.70", "1.336500"], ["85814.95", "0.027924"], ["85811.49", "0.014175"], ["85811.48", "0.016775"], ["85811.29", "2.394155"], ["85810.10", "0.088205"], ["85809.62", "0.240666"], ["85808.42", "0.082397"], ["85806.47", "0.005826"], ["85806.28", "0.054702"], ["85806.15", "0.015430"], ["85806.07", "0.016068"], ["85805.48", "0.006431"], ["85805.29", "0.003981"], ["85805.13", "0.016744"], ["85804.95", "0.006987"], ["85804.45", "0.016729"], ["85804.42", "0.035436"], ["85803.99", "0.008806"], ["85803.90", "0.007777"], ["85803.59", "0.024621"], ["85803.56", "0.219793"], ["85803.40", "0.008010"], ["85803.39", "0.016988"], ["85803.09", "0.209200"], ["85802.37", "0.008107"], ["85801.93", "0.050846"], ["85801.86", "0.012398"], ["85801.00", "0.018135"], ["85800.13", "0.262384"], ["85800.00", "0.002000"], ["85799.05", "0.253611"], ["85799.01", "0.217239"], ["85798.67", "0.074518"], ["85798.50", "0.020671"], ["85797.30", "0.002530"], ["85797.19", "0.265400"], ["85796.37", "0.012178"], ["85796.06", "0.007133"], ["85796.05", "0.009340"], ["85796.04", "0.009446"], ["85796.02", "0.003682"], ["85796.01", "0.006683"], ["85796.00", "0.008116"], ["85795.99", "0.004945"], ["85795.98", "0.005999"], ["85794.73", "0.071703"], ["85794.44", "0.007500"], ["85794.39", "0.209200"], ["85794.06", "0.023523"], ["85794.05", "0.005475"], ["85794.04", "0.005781"], ["85794.02", "0.007837"], ["85793.99", "0.006965"], ["85793.90", "0.055197"], ["85793.53", "0.000125"], ["85792.19", "0.000858"], ["85792.17", "0.007500"], ["85791.31", "0.023301"], ["85788.77", "0.005033"], ["85788.74", "0.039734"], ["85788.73", "0.004657"], ["85788.72", "0.018520"], ["85788.70", "0.004912"], ["85786.79", "0.008563"], ["85786.73", "0.010100"], ["85786.72", "0.008664"], ["85786.69", "0.012157"], ["85784.20", "4.258923"], ["85780.35", "0.209200"], ["85776.50", "0.294380"], ["85775.60", "4.968744"], ["85774.28", "0.001152"], ["85773.30", "0.003523"], ["85773.27", "0.003518"], ["85772.68", "0.007282"], ["85772.60", "0.001226"], ["85770.00", "0.002000"], ["85769.98", "0.001148"], ["85769.72", "0.008303"], ["85769.65", "0.012161"], ["85767.71", "0.008048"], ["85767.30", "0.196730"], ["85767.00", "4.702561"], ["85765.49", "0.209200"], ["85765.30", "0.001047"], ["85765.00", "0.002833"], ["85764.88", "0.007099"], ["85764.87", "0.007495"], ["85764.86", "0.007150"], ["85764.77", "0.007863"], ["85764.00", "0.000119"], ["85763.67", "0.001047"], ["85762.59", "0.012161"], ["85761.29", "0.001047"], ["85759.85", "0.001810"], ["85758.64", "0.069724"], ["85758.40", "5.057471"], ["85756.97", "0.069066"], ["85756.06", "0.002936"], ["85756.05", "0.209200"], ["85755.00", "0.055250"], ["85751.27", "0.003620"], ["85749.80", "5.501109"], ["85745.43", "0.209200"], ["85741.20", "4.880016"], ["85740.00", "0.002000"], ["85736.87", "0.002691"], ["85732.60", "4.791289"], ["85728.67", "0.209200"], ["85724.00", "5.412382"], ["85716.59", "0.122973"], ["85715.40", "3.815286"], ["85713.14", "0.209200"], ["85710.00", "0.002000"], ["85708.91", "0.000065"], ["85707.54", "0.000180"], ["85706.80", "3.992741"], ["85700.32", "0.209200"], ["85698.20", "4.347651"], ["85690.05", "0.209200"], ["85689.60", "4.081468"], ["85681.00", "3.904013"], ["85680.00", "0.211200"], ["85679.00", "0.000017"], ["85678.00", "0.012983"], ["85677.13", "0.000017"], ["85677.00", "0.000017"], ["85676.00", "0.000017"], ["85675.00", "0.000017"], ["85674.30", "0.314866"], ["85674.00", "0.000017"], ["85673.00", "0.000017"], ["85672.40", "5.234927"], ["85672.00", "0.000017"], ["85671.00", "0.000017"], ["85670.00", "0.000017"], ["85669.00", "0.000017"], ["85668.00", "0.000017"], ["85667.00", "0.000017"], ["85666.00", "0.000211"], ["85665.00", "0.000017"], ["85664.00", "0.000017"], ["85663.80", "4.436379"], ["85663.54", "0.000023"], ["85663.00", "0.000017"], ["85662.00", "0.000017"], ["85661.00", "0.000017"], ["85660.00", "0.000017"], ["85659.00", "0.000017"], ["85658.00", "0.000017"], ["85657.00", "0.000017"], ["85656.00", "0.001182"], ["85655.20", "5.323654"], ["85655.00", "0.000017"], ["85654.00", "0.000017"], ["85653.00", "0.000017"], ["85652.00", "0.000017"], ["85651.00", "0.000017"], ["85650.00", "0.002268"], ["85649.00", "0.000017"], ["85648.00", "0.000017"], ["85647.00", "0.000017"], ["85646.60", "4.613834"], ["85646.00", "0.000017"], ["85645.01", "0.000820"], ["85645.00", "0.000017"], ["85644.00", "0.000017"], ["85643.00", "0.000017"], ["85642.00", "0.000017"], ["85641.08", "0.005830"], ["85641.00", "0.000017"], ["85640.00", "0.000017"], ["85639.00", "0.000017"], ["85638.00", "4.525106"], ["85637.00", "0.000017"], ["85636.00", "0.000017"], ["85635.00", "0.000017"], ["85634.00", "0.000017"], ["85633.70", "0.001720"], ["85633.00", "0.000017"], ["85632.00", "0.000017"], ["85631.31", "0.005830"], ["85631.00", "0.000017"], ["85629.40", "4.170196"], ["85629.00", "0.000017"], ["85626.79", "0.000023"], ["85620.80", "5.146199"], ["85620.00", "0.002000"], ["85617.79", "0.021140"], ["85615.49", "0.002350"], ["85614.35", "0.000020"], ["85607.96", "0.000039"], ["85602.11", "0.000025"], ["85600.00", "0.002265"], ["85596.08", "0.000013"], ["85595.68", "0.004179"], ["85595.03", "0.001273"], ["85594.00", "0.297683"], ["85590.00", "0.002000"], ["85589.29", "0.000016"], ["85580.14", "0.000035"], ["85580.11", "0.000060"], ["85580.00", "0.000121"], ["85579.90", "0.314014"], ["85578.57", "0.000239"], ["85578.25", "0.000069"], ["85571.43", "0.000079"], ["85569.22", "0.000022"], ["85561.50", "0.000024"], ["85560.00", "0.002011"], ["85555.56", "0.000044"], ["85555.46", "0.000033"], ["85555.00", "0.012985"], ["85550.00", "0.000031"], ["85549.66", "0.000017"], ["85549.04", "0.000035"], ["85547.45", "0.000014"], ["85545.45", "0.001817"], ["85542.00", "0.000113"], ["85540.09", "0.000016"], ["85537.19", "0.000161"], ["85537.00", "0.000009"], ["85533.09", "0.000024"], ["85530.00", "0.002023"], ["85529.47", "0.000012"], ["85529.41", "0.000111"], ["85526.32", "0.000020"], ["85525.80", "0.000016"], ["85523.93", "0.000048"], ["85523.16", "0.000096"], ["85522.81", "0.002338"], ["85520.00", "0.000013"], ["85517.65", "0.000071"], ["85517.27", "0.000051"], ["85517.24", "0.000315"], ["85514.71", "0.000041"], ["85513.51", "0.000008"], ["85512.50", "0.000708"], ["85511.75", "0.000366"], ["85510.67", "0.000039"], ["85510.00", "0.000042"], ["85509.33", "0.000133"], ["85508.99", "0.000135"], ["85508.77", "0.000025"], ["85506.34", "0.000014"], ["85500.00", "0.034312"], ["85499.99", "0.000017"], ["85499.08", "0.000009"], ["85497.99", "0.000151"], ["85497.26", "0.000010"], ["85495.50", "0.000051"], ["85494.61", "0.000035"], ["85492.95", "0.000022"], ["85492.10", "0.000033"], ["85491.80", "0.000997"], ["85491.67", "0.000344"], ["85490.00", "0.000121"], ["85485.89", "0.000068"], ["85485.71", "0.000074"], ["85484.79", "0.000019"], ["85484.62", "0.000417"], ["85483.33", "0.000322"], ["85482.99", "0.001504"], ["85482.76", "0.002130"], ["85482.46", "0.000022"], ["85481.93", "0.000008"], ["85481.35", "0.000009"], ["85480.00", "0.356224"], ["85478.59", "0.000010"], ["85478.57", "0.000287"], ["85478.26", "0.000055"], ["85476.19", "0.000304"], ["85475.86", "0.000135"], ["85475.80", "0.000381"], ["85472.79", "0.000013"], ["85472.73", "0.000008"], ["85470.00", "0.002000"], ["85469.39", "0.000085"], ["85468.30", "0.000230"], ["85466.67", "0.000082"], ["85464.44", "0.000010"], ["85463.06", "0.000043"], ["85461.54", "0.000046"], ["85460.00", "0.000071"], ["85459.46", "0.000185"], ["85458.17", "0.000009"], ["85457.00", "0.005666"], ["85456.89", "0.000015"], ["85455.60", "0.000537"], ["85454.55", "0.001855"], ["85454.54", "0.000026"], ["85454.24", "0.000023"], ["85451.47", "0.007500"], ["85450.57", "0.000016"], ["85450.00", "0.000488"], ["85448.27", "0.000015"], ["85446.72", "0.000423"], ["85446.27", "0.000314"], ["85446.15", "0.000015"], ["85445.94", "0.000024"], ["85445.86", "0.000044"], ["85445.60", "0.000023"], ["85444.44", "0.000105"], ["85444.11", "0.000035"], ["85443.55", "0.000039"], ["85441.18", "0.000111"], ["85440.42", "0.000012"], ["85440.00", "0.002381"], ["85439.44", "0.000021"], ["85439.22", "0.000023"], ["85437.50", "0.000032"], ["85436.97", "0.024124"], ["85436.29", "0.000022"], ["85436.19", "0.000036"], ["85435.44", "0.000461"], ["85434.78", "0.000008"], ["85434.40", "0.000032"], ["85434.36", "0.002312"], ["85433.82", "0.000172"], ["85433.60", "0.000150"], ["85433.33", "0.000014"], ["85433.05", "0.000099"], ["85432.00", "0.000022"], ["85431.98", "0.000029"], ["85430.79", "0.000025"], ["85429.41", "0.000071"], ["85429.36", "0.000012"], ["85428.87", "0.000050"], ["85428.57", "0.010014"], ["85428.30", "0.000015"], ["85427.54", "0.001371"], ["85427.00", "0.000161"], ["85426.28", "0.000008"], ["85426.23", "0.000008"], ["85425.97", "0.000027"], ["85425.93", "0.000008"], ["85425.57", "0.000039"], ["85425.12", "0.000030"], ["85425.00", "0.000771"], ["85424.24", "0.000067"], ["85424.00", "0.000012"], ["85423.62", "0.001273"], ["85423.14", "0.000007"], ["85423.00", "0.000702"], ["85422.96", "0.000126"], ["85422.85", "0.005232"], ["85422.48", "0.000175"], ["85422.09", "0.000008"], ["85421.99", "0.000019"], ["85421.71", "0.000017"], ["85421.66", "0.000019"], ["85421.07", "0.000019"], ["85421.05", "0.000273"], ["85420.91", "0.000284"], ["85420.77", "0.000068"], ["85420.75", "0.000357"], ["85420.24", "0.000051"], ["85420.00", "0.000101"], ["85419.80", "0.001660"], ["85418.50", "0.000113"], ["85417.75", "0.000248"], ["85417.55", "0.000465"], ["85416.67", "0.000036"], ["85416.62", "0.000010"], ["85416.24", "0.000010"], ["85415.09", "0.000096"], ["85414.91", "0.000021"], ["85413.39", "0.000009"], ["85413.31", "0.003619"], ["85412.18", "0.000038"], ["85412.00", "0.000175"], ["85411.90", "0.000021"], ["85411.76", "0.000417"], ["85411.18", "0.000093"], ["85411.11", "0.000025"], ["85411.01", "0.000008"], ["85411.00", "0.046497"], ["85410.71", "0.000016"], ["85410.51", "0.000009"], ["85410.00", "0.002000"], ["85408.70", "0.000538"], ["85408.28", "0.000010"], ["85408.16", "0.000010"], ["85407.86", "0.000153"], ["85407.85", "0.000123"], ["85407.63", "0.000028"], ["85407.19", "0.000345"], ["85407.06", "0.000158"], ["85406.67", "0.000013"], ["85405.41", "0.000122"], ["85405.00", "0.005869"], ["85404.92", "0.000143"], ["85404.41", "0.000041"], ["85403.82", "0.000114"], ["85403.07", "0.000011"], ["85402.42", "0.000044"], ["85401.64", "0.000997"], ["85400.27", "0.000119"], ["85400.00", "0.006649"], ["85398.74", "0.000056"], ["85396.55", "0.002130"], ["85396.43", "0.000074"], ["85396.40", "0.001650"], ["85396.00", "0.000012"], ["85395.37", "0.000899"], ["85395.08", "0.000028"], ["85394.74", "0.000031"], ["85393.94", "0.000214"], ["85393.83", "0.000082"], ["85393.65", "0.000015"], ["85393.60", "0.000334"], ["85393.49", "0.000446"], ["85393.33", "0.000018"], ["85392.16", "0.000008"], ["85391.57", "0.000008"], ["85391.30", "0.000055"], ["85391.20", "0.000119"], ["85390.00", "0.000011"], ["85389.33", "0.000162"], ["85388.06", "0.000095"], ["85387.50", "0.000105"], ["85387.23", "0.004879"], ["85387.06", "0.000063"], ["85384.96", "0.000065"], ["85384.62", "0.000277"], ["85384.61", "0.000414"], ["85383.33", "0.000970"], ["85383.00", "0.000217"], ["85382.32", "0.000033"], ["85381.82", "0.000008"], ["85381.61", "0.000195"], ["85381.21", "0.000188"], ["85380.95", "0.000265"], ["85380.28", "0.000099"], ["85380.24", "0.012252"], ["85380.00", "0.002045"], ["85379.40", "0.000675"], ["85379.31", "0.000135"], ["85377.36", "0.000008"], ["85377.03", "0.000008"], ["85376.00", "0.000035"], ["85375.46", "0.000023"], ["85375.00", "0.000953"], ["85373.13", "0.000008"], ["85372.55", "0.000809"], ["85372.38", "0.000010"], ["85370.80", "0.002410"], ["85370.66", "0.000227"]], "checksum": 0, "ts": "1742458820713"}], "ts": 1742458820913, "record_time": 1742458821.458548}
{"action": "update", "arg": {"instType": "SPOT", "channel": "books", "instId": "BTCUSDT"}, "data": [{"asks": [["85830.02", "0.601830"], ["85830.91", "0.063319"], ["85831.24", "0.101172"], ["85831.28", "0"], ["85872.87", "0.010553"], ["85899.10", "0.004345"], ["85901.10", "0.011433"], ["85903.10", "0.030087"], ["85905.10", "0.079177"], ["85907.10", "0.208362"], ["85909.10", "0.548320"], ["85911.10", "1.442946"], ["85913.10", "3.797227"], ["85913.70", "0.001011"], ["85914.00", "0.777090"], ["85921.70", "1.907580"], ["85948.89", "0"], ["85956.00", "3.904013"], ["85964.60", "5.057471"], ["85973.20", "4.347651"], ["85981.80", "5.501109"], ["85999.00", "3.992741"], ["86007.60", "4.791289"], ["86016.20", "4.702561"], ["86024.80", "4.170196"], ["86033.40", "4.613834"], ["86042.00", "4.968744"], ["86050.60", "4.525106"], ["86059.20", "4.880016"], ["86067.80", "4.436379"], ["86076.40", "5.146199"], ["86085.00", "4.081468"], ["86093.60", "3.815286"], ["86102.20", "5.234927"], ["86110.80", "5.323654"], ["86119.40", "4.258923"], ["86213.33", "0"], ["86214.29", "0"]], "bids": [["85830.01", "0.915068"], ["85829.10", "1.254782"], ["85827.10", "3.302058"], ["85823.60", "1.113660"], ["85821.50", "2.305680"], ["85819.70", "0"], ["85784.20", "4.525106"], ["85775.60", "4.791289"], ["85767.00", "3.904013"], ["85758.40", "5.412382"], ["85749.80", "3.815286"], ["85741.20", "3.992741"], ["85732.60", "5.234927"], ["85724.00", "4.347651"], ["85715.40", "4.702561"], ["85706.80", "4.613834"], ["85698.20", "5.057471"], ["85689.60", "5.501109"], ["85681.00", "5.323654"], ["85672.40", "4.968744"], ["85655.20", "4.258923"], ["85646.60", "4.170196"], ["85638.00", "4.880016"], ["85629.40", "4.081468"]], "checksum": 1274045381, "ts": "1742458820913"}], "ts": 1742458820917, "record_time": 1742458821.460336}
{"action": "update", "arg": {"instType": "SPOT", "channel": "books", "instId": "BTCUSDT"}, "data": [{"asks": [["85830.02", "0.494340"], ["85909.10", "0.548207"], ["85911.10", "1.442649"], ["85913.10", "3.796446"], ["85917.40", "0.154800"], ["85956.00", "5.146199"], ["85964.60", "4.170196"], ["85973.19", "0.023969"], ["85981.80", "4.791289"], ["85990.40", "4.968744"], ["86007.60", "5.412382"], ["86016.20", "5.501109"], ["86024.80", "4.436379"], ["86033.40", "4.081468"], ["86042.00", "3.815286"], ["86050.60", "5.057471"], ["86059.20", "4.525106"], ["86067.80", "3.904013"], ["86076.40", "4.258923"], ["86085.00", "5.234927"], ["86093.60", "4.880016"], ["86102.20", "5.323654"], ["86110.80", "4.613834"], ["86119.40", "4.702561"], ["86213.11", "0"]], "bids": [["85829.10", "1.253828"], ["85827.10", "3.299547"], ["85823.60", "3.309900"], ["85821.50", "0"], ["85784.20", "4.968744"], ["85775.60", "4.436379"], ["85767.00", "4.347651"], ["85758.40", "5.234927"], ["85749.80", "4.880016"], ["85741.20", "4.702561"], ["85732.60", "5.146199"], ["85724.00", "4.258923"], ["85715.40", "4.791289"], ["85698.20", "4.081468"], ["85689.60", "5.323654"], ["85681.00", "4.170196"], ["85672.40", "3.815286"], ["85663.80", "4.525106"], ["85655.20", "5.501109"], ["85646.60", "3.992741"], ["85638.00", "3.904013"], ["85629.40", "5.057471"], ["85620.80", "5.412382"], ["85370.37", "0.000030"]], "checksum": -359712050, "ts": "1742458821113"}], "ts": 1742458821118, "record_time": 1742458821.615831}
{"action": "update", "arg": {"instType": "SPOT", "channel": "books", "instId": "BTCUSDT"}, "data": [{"asks": [["85830.91", "0"], ["85831.24", "0"], ["85867.70", "0.001350"], ["85869.05", "0"], ["85956.00", "4.880016"], ["85964.60", "4.347651"], ["85973.20", "4.702561"], ["85981.80", "4.436379"], ["85990.40", "4.081468"], ["85999.00", "4.170196"], ["86007.60", "3.904013"], ["86016.20", "5.323654"], ["86024.80", "4.613834"], ["86033.40", "5.234927"], ["86042.00", "5.057471"], ["86050.60", "4.258923"], ["86059.20", "5.412382"], ["86067.80", "4.968744"], ["86076.40", "3.815286"], ["86085.00", "5.501109"], ["86093.60", "4.525106"], ["86102.20", "4.791289"], ["86110.80", "5.146199"], ["86119.40", "3.992741"], ["86213.11", "0.000997"], ["86213.33", "0.000072"]], "bids": [["85822.60", "0.043890"], ["85817.83", "0"], ["85817.20", "0.006355"], ["85784.20", "4.436379"], ["85775.60", "5.501109"], ["85767.00", "5.234927"], ["85763.00", "0.000119"], ["85758.40", "4.702561"], ["85749.80", "3.904013"], ["85741.20", "4.170196"], ["85732.60", "5.057471"], ["85724.00", "5.146199"], ["85715.40", "4.968744"], ["85706.80", "3.815286"], ["85698.20", "5.323654"], ["85689.60", "4.791289"], ["85681.00", "4.613834"], ["85672.40", "4.081468"], ["85663.80", "4.258923"], ["85655.20", "4.880016"], ["85646.60", "4.525106"], ["85638.00", "4.347651"], ["85629.40", "3.992741"], ["85370.37", "0"]], "checksum": -1321549969, "ts": "1742458821315"}], "ts": 1742458821319, "record_time": 1742458821.814467}
{"action": "update", "arg": {"instType": "SPOT", "channel": "books", "instId": "BTCUSDT"}, "data": [{"asks": [["85831.19", "0.101172"], ["85853.04", "0.078893"], ["85872.87", "0"], ["85897.10", "0.001023"], ["85899.10", "0.002776"], ["85901.10", "0.007307"], ["85903.10", "0.019048"], ["85905.10", "0.050126"], ["85907.10", "0.131910"], ["85909.10", "0.347131"], ["85911.10", "0.913504"], ["85913.10", "2.403957"], ["85914.10", "0.302070"], ["85916.10", "0.096630"], ["85916.30", "0.299880"], ["85921.70", "1.890120"], ["85923.00", "0.094380"], ["85923.90", "0.146100"], ["85926.40", "0"], ["85956.00", "5.501109"], ["85964.60", "4.081468"], ["85973.20", "4.791289"], ["85981.80", "4.347651"], ["85990.40", "3.815286"], ["86007.60", "3.992741"], ["86016.20", "3.904013"], ["86024.80", "4.968744"], ["86033.40", "4.525106"], ["86042.00", "5.234927"], ["86050.60", "5.323654"], ["86059.20", "4.258923"], ["86067.80", "5.412382"], ["86076.40", "4.880016"], ["86085.00", "5.146199"], ["86093.60", "5.057471"], ["86102.20", "4.702561"], ["86110.80", "4.436379"], ["86119.40", "4.613834"], ["86213.33", "0"]], "bids": [["85830.01", "0.928916"], ["85829.10", "2.072465"], ["85827.45", "0"], ["85827.10", "5.453855"], ["85826.40", "0"], ["85823.10", "0"], ["85821.00", "0.017460"], ["85817.20", "0.334680"], ["85784.20", "4.880016"], ["85775.60", "3.992741"], ["85767.00", "4.791289"], ["85758.40", "4.347651"], ["85749.80", "4.081468"], ["85732.60", "4.702561"], ["85724.00", "5.323654"], ["85715.40", "4.613834"], ["85706.80", "4.258923"], ["85698.20", "5.412382"], ["85689.60", "3.815286"], ["85681.00", "3.904013"], ["85672.40", "4.525106"], ["85663.80", "5.234927"], ["85655.20", "5.146199"], ["85646.60", "4.436379"], ["85638.00", "4.968744"], ["85629.40", "5.057471"], ["85620.80", "5.501109"], ["85370.37", "0.000030"], ["85370.03", "0.000082"]], "checksum": 695214835, "ts": "1742458821523"}], "ts": 1742458821527, "record_time": 1742458822.032598}
{"action": "update", "arg": {"instType": "SPOT", "channel": "books", "instId": "BTCUSDT"}, "data": [{"asks": [["85850.75", "0.035959"], ["85851.15", "0.119880"], ["85851.30", "0"], ["85851.68", "0"], ["85852.47", "0.035972"], ["85853.05", "0"], ["85854.48", "0.010993"], ["85855.04", "0"], ["85884.87", "0.055937"], ["85885.89", "0.001598"], ["85886.89", "0"], ["85901.10", "0.007530"], ["85903.10", "0.019816"], ["85905.09", "0"], ["85905.10", "0.052378"], ["85907.10", "0.137838"], ["85909.10", "0.362731"], ["85911.10", "0.954554"], ["85913.10", "2.511986"], ["85913.20", "0.022650"], ["85914.00", "0.776160"], ["85915.50", "0"], ["85916.10", "0"], ["85917.40", "0.015000"], ["85956.00", "4.702561"], ["85964.60", "4.525106"], ["85973.20", "4.880016"], ["85981.80", "3.992741"], ["85990.40", "4.791289"], ["85999.00", "4.258923"], ["86007.60", "5.323654"], ["86016.20", "3.815286"], ["86033.40", "5.057471"], ["86042.00", "4.613834"], ["86050.60", "5.501109"], ["86059.20", "4.081468"], ["86067.80", "5.146199"], ["86076.40", "4.347651"], ["86085.00", "4.170196"], ["86093.60", "5.412382"], ["86102.20", "4.436379"], ["86110.80", "5.234927"], ["86119.40", "3.904013"], ["86213.33", "0.000072"]], "bids": [["85830.01", "1.168645"], ["85829.11", "1.123166"], ["85828.35", "0.027924"], ["85827.10", "5.454115"], ["85825.70", "3.389730"], ["85825.00", "0.139800"], ["85824.90", "0.209070"], ["85824.34", "0"], ["85823.61", "0"], ["85823.60", "0.030000"], ["85819.80", "0.091890"], ["85817.77", "0"], ["85817.25", "0.003779"], ["85817.20", "0.552660"], ["85817.00", "0.128100"], ["85814.95", "0"], ["85810.10", "0"], ["85809.62", "0"], ["85809.55", "0.088205"], ["85809.10", "0.240666"], ["85808.42", "0"], ["85807.84", "0.082397"], ["85806.28", "0"], ["85805.73", "0.054702"], ["85784.20", "4.081468"], ["85775.60", "3.815286"], ["85774.28", "0"], ["85773.28", "0.001152"], ["85767.00", "4.525106"], ["85758.40", "5.057471"], ["85749.80", "4.170196"], ["85741.20", "4.613834"], ["85732.60", "5.501109"], ["85724.00", "4.880016"], ["85715.40", "4.347651"], ["85706.80", "5.146199"], ["85698.20", "4.258923"], ["85689.60", "3.992741"], ["85681.00", "4.702561"], ["85672.40", "4.436379"], ["85655.20", "3.904013"], ["85646.60", "5.323654"], ["85638.00", "5.412382"], ["85629.40", "4.791289"], ["85620.80", "4.968744"], ["85370.03", "0"]], "checksum": -311416176, "ts": "1742458821725"}], "ts": 1742458821727, "record_time": 1742458822.223928}
{"action": "update", "arg": {"instType": "SPOT", "channel": "books", "instId": "BTCUSDT"}, "data": [{"asks": [["85830.02", "0.454537"], ["85831.15", "0.101172"], ["85831.19", "0"], ["85837.70", "0"], ["85839.25", "0"], ["85851.14", "0.046756"], ["85851.29", "0"], ["85873.56", "0"], ["85881.65", "0.383648"], ["85899.10", "0.001032"], ["85901.10", "0.001009"], ["85903.10", "0.001034"], ["85905.10", "0.001019"], ["85907.10", "0.002362"], ["85909.09", "0.041605"], ["85909.10", "0.006215"], ["85911.10", "0.016356"], ["85913.10", "0.043040"], ["85913.20", "0.001007"], ["85913.90", "0"], ["85914.00", "0"], ["85914.10", "0"], ["85914.50", "0"], ["85916.10", "0.037860"], ["85916.30", "0.068250"], ["85916.80", "0.022020"], ["85917.60", "0"], ["85921.70", "1.890750"], ["85923.00", "0.076920"], ["85925.30", "0.476070"], ["85925.80", "0"], ["85926.40", "0.120000"], ["85956.00", "4.613834"], ["85964.60", "4.702561"], ["85973.20", "4.791289"], ["85981.80", "5.234927"], ["85990.40", "3.815286"], ["85999.00", "4.880016"], ["86007.60", "4.170196"], ["86016.20", "3.904013"], ["86024.80", "4.436379"], ["86033.40", "5.146199"], ["86042.00", "3.992741"], ["86050.60", "4.347651"], ["86059.20", "5.501109"], ["86067.80", "4.081468"], ["86076.40", "5.323654"], ["86085.00", "4.525106"], ["86102.20", "4.968744"], ["86110.80", "4.258923"], ["86119.40", "5.057471"], ["86214.29", "0.000016"], ["86216.22", "0.000123"], ["86217.11", "0.000093"]], "bids": [["85830.01", "1.196569"], ["85829.11", "1.813317"], ["85829.10", "2.657151"], ["85828.35", "0"], ["85827.10", "6.992503"], ["85827.00", "0.129150"], ["85826.60", "0.174870"], ["85825.70", "3.389100"], ["85825.10", "0.209760"], ["85824.50", "0"], ["85824.10", "0.069870"], ["85823.60", "0"], ["85823.50", "0.341490"], ["85823.40", "0.022020"], ["85823.30", "0"], ["85823.00", "0.128100"], ["85822.80", "0.069870"], ["85822.60", "0.013890"], ["85821.30", "0.192120"], ["85821.20", "0.174660"], ["85821.00", "0.716100"], ["85819.80", "0.069870"], ["85819.60", "0.698700"], ["85818.50", "0"], ["85817.70", "0"], ["85817.20", "0.006355"], ["85817.00", "0"], ["85784.20", "4.702561"], ["85775.60", "4.968744"], ["85767.00", "4.347651"], ["85758.40", "3.815286"], ["85749.80", "5.412382"], ["85741.20", "4.258923"], ["85732.60", "3.904013"], ["85724.00", "5.501109"], ["85715.40", "3.992741"], ["85706.80", "4.791289"], ["85698.20", "5.323654"], ["85689.60", "4.613834"], ["85681.00", "5.234927"], ["85672.40", "4.880016"], ["85663.80", "4.525106"], ["85655.20", "5.146199"], ["85646.60", "4.436379"], ["85638.00", "4.081468"], ["85629.40", "5.057471"], ["85620.80", "4.170196"], ["85370.03", "0.000082"]], "checksum": -1008589666, "ts": "1742458821926"}], "ts": 1742458821934, "record_time": 1742458822.431178}
{"action": "update", "arg": {"instType": "SPOT", "channel": "books", "instId": "BTCUSDT"}, "data": [{"asks": [["85830.92", "0"], ["85839.67", "0.039803"], ["85850.74", "0.013797"], ["85872.70", "0"], ["85905.10", "0.002775"], ["85907.10", "0.007302"], ["85909.10", "0.019214"], ["85911.10", "0.050699"], ["85913.10", "0.133418"], ["85916.10", "0.037680"], ["85916.80", "0"], ["85918.20", "0.067020"], ["85919.00", "0.029070"], ["85921.60", "2.305500"], ["85921.70", "1.890120"], ["85926.40", "0"], ["85936.90", "0.062782"], ["85956.00", "5.501109"], ["85964.60", "4.880016"], ["85973.20", "4.258923"], ["85981.80", "4.347651"], ["85990.40", "4.968744"], ["85999.00", "4.436379"], ["86007.60", "4.702561"], ["86016.20", "4.525106"], ["86024.80", "4.613834"], ["86033.40", "4.081468"], ["86050.60", "5.234927"], ["86059.20", "4.791289"], ["86067.80", "5.146199"], ["86076.40", "5.057471"], ["86085.00", "4.170196"], ["86093.60", "3.904013"], ["86102.20", "3.815286"], ["86110.80", "5.412382"], ["86119.40", "5.323654"]], "bids": [["85829.10", "2.656946"], ["85827.10", "6.991703"], ["85825.60", "0.022020"], ["85824.70", "0.481860"], ["85823.40", "0"], ["85821.30", "0.207120"], ["85818.30", "0"], ["85817.80", "0"], ["85811.49", "0"], ["85784.20", "5.323654"], ["85775.60", "5.146199"], ["85767.00", "4.525106"], ["85764.00", "0"], ["85758.40", "4.702561"], ["85749.80", "4.081468"], ["85741.20", "4.791289"], ["85732.60", "4.613834"], ["85724.00", "4.880016"], ["85715.40", "4.436379"], ["85706.80", "5.412382"], ["85698.20", "4.258923"], ["85689.60", "4.968744"], ["85672.40", "3.992741"], ["85663.80", "5.501109"], ["85655.20", "4.347651"], ["85646.60", "3.904013"], ["85638.00", "4.170196"], ["85629.40", "3.815286"], ["85620.80", "5.057471"], ["85368.44", "0.000048"], ["85368.29", "0.000009"], ["85368.25", "0.000167"]], "checksum": 963376022, "ts": "1742458822150"}], "ts": 1742458822154, "record_time": 1742458822.650298}
{"action": "update", "arg": {"instType": "SPOT", "channel": "books", "instId": "BTCUSDT"}, "data": [{"asks": [["85833.79", "0.109887"], ["85839.38", "0.017610"], ["85839.67", "0"], ["85901.10", "0.001867"], ["85903.10", "0.004912"], ["85905.10", "0.012928"], ["85907.10", "0.034020"], ["85909.10", "0.089527"], ["85911.10", "0.235598"], ["85913.10", "0.619994"], ["85914.50", "0.064710"], ["85916.30", "0.090270"], ["85917.10", "0.705510"], ["85918.20", "0"], ["85919.00", "0.007050"], ["85921.60", "1.029120"], ["85921.70", "1.336500"], ["85924.80", "0.052410"], ["85925.40", "0"], ["85925.70", "0"], ["85956.00", "4.347651"], ["85964.60", "5.323654"], ["85973.20", "3.992741"], ["85981.80", "4.170196"], ["85990.40", "5.412382"], ["85999.00", "5.234927"], ["86007.60", "3.904013"], ["86016.20", "4.613834"], ["86024.80", "3.815286"], ["86033.40", "4.436379"], ["86042.00", "4.968744"], ["86050.60", "4.880016"], ["86059.20", "4.702561"], ["86067.80", "4.081468"], ["86076.40", "5.146199"], ["86085.00", "4.791289"], ["86093.60", "4.525106"], ["86102.20", "5.057471"], ["86110.80", "4.258923"], ["86119.40", "5.501109"]], "bids": [["85829.10", "2.341968"], ["85827.82", "0.109887"], ["85827.10", "6.163073"], ["85825.60", "0"], ["85825.03", "0"], ["85824.91", "0.014175"], ["85823.50", "0.071730"], ["85822.70", "0.022020"], ["85821.70", "0.240000"], ["85820.80", "0.156000"], ["85818.60", "0.139800"], ["85784.20", "4.436379"], ["85775.60", "4.968744"], ["85767.00", "3.992741"], ["85758.40", "5.146199"], ["85749.80", "5.057471"], ["85741.20", "4.347651"], ["85732.60", "3.904013"], ["85724.00", "4.525106"], ["85715.40", "4.258923"], ["85698.20", "5.501109"], ["85689.60", "4.791289"], ["85681.00", "4.702561"], ["85672.40", "4.081468"], ["85663.80", "4.880016"], ["85655.20", "4.170196"], ["85646.60", "4.613834"], ["85638.00", "5.323654"], ["85629.40", "5.234927"], ["85620.80", "3.815286"], ["85368.44", "0"], ["85368.29", "0"], ["85368.25", "0"]], "checksum": 1214978328, "ts": "1742458822354"}], "ts": 1742458822358, "record_time": 1742458822.85404}
{"action": "update", "arg": {"instType": "SPOT", "channel": "books", "instId": "BTCUSDT"}, "data": [{"asks": [["85831.11", "0.101172"], ["85831.15", "0"], ["85833.79", "0"], ["85837.40", "0.039803"], ["85839.38", "0.005669"], ["85872.86", "0.010553"], ["85899.10", "0.001926"], ["85901.10", "0.005069"], ["85903.10", "0.013449"], ["85905.10", "0.035391"], ["85907.10", "0.093136"], ["85909.10", "0.245093"], ["85911.10", "0.644984"], ["85913.10", "1.697324"], ["85914.50", "0"], ["85914.90", "3.007350"], ["85916.00", "0.207960"], ["85916.10", "0.177750"], ["85916.30", "0.068040"], ["85916.90", "0.100350"], ["85917.10", "0"], ["85917.90", "0.301860"], ["85921.60", "0.788790"], ["85925.30", "0"], ["85925.40", "0.552090"], ["85925.70", "0.068280"], ["85926.40", "0.120000"], ["85956.00", "4.081468"], ["85973.20", "3.904013"], ["85981.80", "4.968744"], ["85990.40", "4.613834"], ["85999.00", "4.347651"], ["86007.60", "3.992741"], ["86016.20", "4.525106"], ["86024.80", "4.880016"], ["86033.40", "4.170196"], ["86042.00", "5.501109"], ["86050.60", "4.702561"], ["86050.79", "0"], ["86059.20", "5.146199"], ["86067.80", "5.057471"], ["86076.40", "4.258923"], ["86085.00", "5.412382"], ["86093.60", "3.815286"], ["86102.20", "4.436379"], ["86110.80", "4.791289"], ["86119.40", "5.234927"], ["86213.33", "0"], ["86214.29", "0"], ["86216.22", "0"], ["86217.11", "0"]], "bids": [["85830.01", "1.168645"], ["85829.10", "1.733971"], ["85827.10", "4.563082"], ["85827.00", "0.001015"], ["85826.60", "0"], ["85825.70", "1.083360"], ["85825.10", "0.035310"], ["85825.00", "0.140010"], ["85824.70", "0"], ["85824.10", "0"], ["85823.50", "2.377350"], ["85822.70", "0"], ["85822.60", "0.253890"], ["85821.30", "0.015000"], ["85821.20", "0"], ["85821.03", "0.027924"], ["85821.00", "0"], ["85820.50", "0.022020"], ["85819.80", "0"], ["85819.60", "0"], ["85818.60", "0.314490"], ["85818.30", "1.168200"], ["85817.80", "0.526680"], ["85817.70", "1.581030"], ["85817.40", "0.120000"], ["85817.20", "0.312660"], ["85817.00", "0.128100"], ["85784.20", "4.880016"], ["85776.10", "0.001226"], ["85775.60", "4.702561"], ["85772.60", "0"], ["85767.00", "5.412382"], ["85765.50", "0.000365"], ["85749.80", "4.525106"], ["85741.20", "3.815286"], ["85732.60", "5.234927"], ["85724.00", "4.968744"], ["85706.80", "4.613834"], ["85698.20", "4.081468"], ["85689.60", "5.323654"], ["85681.00", "4.347651"], ["85672.40", "4.170196"], ["85663.80", "4.791289"], ["85655.20", "3.992741"], ["85646.60", "4.436379"], ["85638.00", "5.501109"], ["85629.40", "5.057471"], ["85620.80", "3.904013"]], "checksum": 1710362054, "ts": "1742458822554"}], "ts": 1742458822558, "record_time": 1742458823.054098}
{"action": "update", "arg": {"instType": "SPOT", "channel": "books", "instId": "BTCUSDT"}, "data": [{"asks": [["85835.06", "0.109887"], ["85837.39", "0.019860"], ["85839.38", "0"], ["85867.70", "0"], ["85870.80", "0.001350"], ["85872.86", "0"], ["85903.10", "0.013338"], ["85905.10", "0.035100"], ["85907.10", "0.092368"], ["85909.10", "0.243074"], ["85911.10", "0.639668"], ["85913.10", "1.683337"], ["85913.20", "0.166260"], ["85913.80", "0"], ["85915.40", "0.022020"], ["85916.00", "0.180240"], ["85916.10", "0"], ["85916.90", "0"], ["85917.80", "0.098100"], ["85920.70", "0.476070"], ["85923.00", "0.094380"], ["85924.80", "0.034950"], ["85926.40", "0"], ["85956.00", "4.347651"], ["85964.60", "5.146199"], ["85973.20", "5.501109"], ["85981.80", "5.323654"], ["85990.40", "3.815286"], ["85999.00", "4.258923"], ["86007.60", "4.968744"], ["86016.20", "3.904013"], ["86024.80", "5.412382"], ["86033.40", "5.234927"], ["86042.00", "5.057471"], ["86050.60", "3.992741"], ["86059.20", "4.081468"], ["86067.80", "4.880016"], ["86076.40", "4.791289"], ["86085.00", "4.613834"], ["86093.60", "4.436379"], ["86102.20", "4.170196"], ["86110.80", "4.525106"], ["86119.40", "4.702561"], ["86213.33", "0.000072"]], "bids": [["85829.10", "2.098425"], ["85827.10", "5.522173"], ["85825.60", "2.305770"], ["85825.00", "0.139800"], ["85824.70", "0.069870"], ["85823.50", "0.071730"], ["85822.30", "0.653460"], ["85821.70", "0.257460"], ["85821.60", "0.349320"], ["85821.20", "0.366780"], ["85821.00", "0.523980"], ["85818.80", "2.607720"], ["85818.30", "0"], ["85817.80", "0"], ["85817.70", "0"], ["85817.40", "0"], ["85817.20", "0.006355"], ["85817.00", "0"], ["85784.20", "5.146199"], ["85775.60", "4.258923"], ["85767.00", "3.992741"], ["85758.40", "4.347651"], ["85749.80", "4.170196"], ["85741.20", "4.613834"], ["85732.60", "4.081468"], ["85724.00", "3.904013"], ["85715.40", "5.057471"], ["85706.80", "5.501109"], ["85698.20", "4.525106"], ["85689.60", "4.968744"], ["85681.00", "4.791289"], ["85672.40", "4.436379"], ["85663.80", "5.234927"], ["85655.20", "5.412382"], ["85646.60", "5.323654"], ["85638.00", "3.815286"], ["85629.40", "4.702561"], ["85620.80", "4.880016"]], "checksum": 1100425907, "ts": "1742458822756"}], "ts": 1742458822759, "record_time": 1742458823.256879}
{"action": "update", "arg": {"instType": "SPOT", "channel": "books", "instId": "BTCUSDT"}, "data": [{"asks": [["85830.02", "0.364435"], ["85831.11", "0"], ["85835.06", "0"], ["85873.87", "0.383648"], ["85875.36", "0.062760"], ["85881.65", "0"], ["85899.10", "0.002522"], ["85901.10", "0.006637"], ["85903.10", "0.017295"], ["85905.10", "0.045513"], ["85907.10", "0.119770"], ["85909.10", "0.315186"], ["85911.10", "0.829437"], ["85913.10", "2.182729"], ["85913.20", "0.165930"], ["85913.70", "0"], ["85916.00", "0.117840"], ["85917.80", "0"], ["85956.00", "5.501109"], ["85973.20", "4.702561"], ["85981.80", "3.992741"], ["85990.40", "4.436379"], ["85999.00", "4.791289"], ["86007.60", "3.904013"], ["86016.20", "5.057471"], ["86024.80", "4.347651"], ["86033.40", "4.170196"], ["86042.00", "5.412382"], ["86050.60", "5.234927"], ["86059.20", "4.880016"], ["86061.36", "0.165371"], ["86067.80", "4.613834"], ["86076.40", "4.968744"], ["86085.00", "3.815286"], ["86093.60", "4.258923"], ["86102.20", "5.323654"], ["86110.80", "4.081468"], ["86119.40", "4.525106"], ["86214.29", "0.000016"], ["86216.22", "0.000123"]], "bids": [["85830.01", "1.233225"], ["85827.10", "5.521931"], ["85824.40", "0.125400"], ["85822.90", "0"], ["85822.30", "0.166440"], ["85819.80", "0.069870"], ["85784.20", "3.904013"], ["85775.60", "5.057471"], ["85767.00", "4.436379"], ["85765.00", "0.002952"], ["85758.40", "5.412382"], ["85749.80", "5.323654"], ["85741.20", "5.234927"], ["85724.00", "4.258923"], ["85715.40", "4.347651"], ["85698.20", "3.815286"], ["85689.60", "3.992741"], ["85672.40", "4.525106"], ["85663.80", "4.613834"], ["85655.20", "4.170196"], ["85646.60", "4.702561"], ["85638.00", "4.880016"], ["85629.40", "5.146199"], ["85620.80", "4.968744"], ["85370.03", "0"]], "checksum": 804282505, "ts": "1742458822956"}], "ts": 1742458822962, "record_time": 1742458823.463649}
{"action": "update", "arg": {"instType": "SPOT", "channel": "books", "instId": "BTCUSDT"}, "data": [{"asks": [["85831.07", "0.101172"], ["85834.95", "0.109885"], ["85903.10", "0.017467"], ["85905.09", "0.049585"], ["85905.10", "0.045964"], ["85907.10", "0.120959"], ["85909.10", "0.318312"], ["85911.10", "0.837664"], ["85913.10", "2.204379"], ["85917.40", "0"], ["85917.80", "0.100200"], ["85956.00", "3.992741"], ["85964.60", "4.347651"], ["85973.20", "4.525106"], ["85981.80", "4.791289"], ["85990.40", "5.057471"], ["85999.00", "5.412382"], ["86007.60", "5.323654"], ["86016.20", "4.968744"], ["86024.80", "4.436379"], ["86033.40", "4.702561"], ["86042.00", "4.170196"], ["86050.60", "4.880016"], ["86059.20", "4.613834"], ["86067.80", "3.904013"], ["86076.40", "4.081468"], ["86085.00", "5.146199"], ["86093.60", "5.501109"], ["86102.20", "5.234927"], ["86110.80", "3.815286"], ["86119.40", "4.258923"], ["86213.33", "0"], ["86214.29", "0"], ["86216.22", "0"]], "bids": [["85829.11", "1.552065"], ["85829.10", "1.738375"], ["85827.10", "4.574930"], ["85826.70", "0"], ["85826.17", "0"], ["85825.70", "0"], ["85825.60", "1.952460"], ["85825.00", "0.209880"], ["85824.70", "0"], ["85824.50", "0.487020"], ["85823.50", "2.377350"], ["85822.20", "0.366780"], ["85822.10", "0.017460"], ["85821.90", "0.349320"], ["85821.80", "0.174660"], ["85821.70", "0.240000"], ["85821.60", "0"], ["85821.20", "0"], ["85821.00", "0.349320"], ["85819.10", "0.174660"], ["85818.80", "2.433060"], ["85818.60", "0.139800"], ["85784.20", "3.815286"], ["85775.60", "4.613834"], ["85767.00", "4.702561"], ["85758.40", "3.992741"], ["85749.80", "5.234927"], ["85741.20", "4.525106"], ["85732.60", "5.146199"], ["85724.00", "5.412382"], ["85715.40", "4.791289"], ["85706.80", "4.968744"], ["85698.20", "5.501109"], ["85689.60", "3.904013"], ["85681.00", "4.347651"], ["85672.40", "4.081468"], ["85663.80", "5.057471"], ["85655.20", "5.323654"], ["85646.60", "4.880016"], ["85638.00", "4.436379"], ["85629.40", "4.170196"], ["85620.80", "4.258923"]], "checksum": 1350277385, "ts": "1742458823169"}], "ts": 1742458823173, "record_time": 1742458823.668938}
{"action": "update", "arg": {"instType": "SPOT", "channel": "books", "instId": "BTCUSDT"}, "data": [{"asks": [["85837.40", "0"], ["85886.54", "0"], ["85893.34", "0.001598"], ["85909.10", "0.318138"], ["85911.10", "0.837205"], ["85913.10", "2.203170"], ["85915.80", "0"], ["85920.70", "0.498720"], ["85956.00", "4.436379"], ["85964.60", "5.323654"], ["85973.20", "5.057471"], ["85981.80", "3.815286"], ["85990.40", "4.258923"], ["85999.00", "4.081468"], ["86007.60", "5.501109"], ["86016.20", "5.234927"], ["86024.80", "4.968744"], ["86033.40", "4.170196"], ["86042.00", "4.702561"], ["86050.60", "4.347651"], ["86059.20", "4.525106"], ["86067.80", "5.412382"], ["86076.40", "4.613834"], ["86085.00", "4.880016"], ["86093.60", "5.146199"], ["86102.20", "3.904013"], ["86110.80", "4.791289"], ["86119.40", "3.992741"], ["86213.33", "0.000072"], ["86214.29", "0.000016"]], "bids": [["85829.10", "1.733505"], ["85827.69", "0.006076"], ["85827.10", "4.561855"], ["85825.70", "4.471410"], ["85825.61", "0.261252"], ["85825.60", "0"], ["85825.00", "0.209670"], ["85824.90", "0.231810"], ["85824.50", "0"], ["85823.80", "0"], ["85823.50", "0.071730"], ["85822.20", "0.389520"], ["85820.10", "0"], ["85818.60", "0.314490"], ["85784.20", "4.170196"], ["85776.77", "0.001148"], ["85775.60", "5.057471"], ["85769.98", "0"], ["85767.00", "4.525106"], ["85758.40", "4.436379"], ["85749.80", "4.880016"], ["85741.20", "4.968744"], ["85732.60", "5.323654"], ["85724.00", "4.791289"], ["85715.40", "4.347651"], ["85706.80", "4.613834"], ["85698.20", "4.258923"], ["85689.60", "4.702561"], ["85681.00", "3.904013"], ["85672.40", "5.412382"], ["85663.80", "5.501109"], ["85655.20", "5.234927"], ["85646.60", "3.992741"], ["85638.00", "3.815286"], ["85629.40", "5.146199"], ["85620.80", "4.081468"], ["85370.03", "0.000082"]], "checksum": 186868639, "ts": "1742458823386"}], "ts": 1742458823390, "record_time": 1742458823.886415}
{"action": "update", "arg": {"instType": "SPOT", "channel": "books", "instId": "BTCUSDT"}, "data": [{"asks": [["85831.03", "0.101172"], ["85831.07", "0"], ["85835.76", "0.039803"], ["85837.39", "0.007919"], ["85956.00", "5.323654"], ["85964.60", "3.904013"], ["85973.20", "4.702561"], ["85981.80", "3.992741"], ["85990.40", "3.815286"], ["86007.60", "5.057471"], ["86016.20", "4.347651"], ["86024.80", "5.234927"], ["86033.40", "5.501109"], ["86042.00", "5.412382"], ["86050.60", "4.968744"], ["86059.20", "4.436379"], ["86067.80", "4.613834"], ["86076.40", "4.791289"], ["86085.00", "4.258923"], ["86093.60", "4.525106"], ["86102.20", "4.880016"], ["86110.80", "5.146199"], ["86119.40", "4.170196"], ["86214.29", "0"]], "bids": [["85829.10", "1.848247"], ["85827.10", "4.863807"], ["85825.70", "3.739560"], ["85784.20", "4.702561"], ["85775.60", "4.170196"], ["85767.00", "5.323654"], ["85758.40", "3.904013"], ["85749.80", "5.234927"], ["85741.20", "3.815286"], ["85732.60", "3.992741"], ["85724.00", "4.347651"], ["85715.40", "4.968744"], ["85706.80", "5.057471"], ["85698.20", "4.880016"], ["85689.60", "5.412382"], ["85681.00", "4.613834"], ["85672.40", "4.081468"], ["85655.20", "4.436379"], ["85646.60", "5.146199"], ["85638.00", "4.791289"], ["85629.40", "4.525106"], ["85620.80", "4.258923"]], "checksum": -2005918710, "ts": "1742458823586"}], "ts": 1742458823589, "record_time": 1742458824.084868}
{"action": "update", "arg": {"instType": "SPOT", "channel": "books", "instId": "BTCUSDT"}, "data": [{"asks": [["85835.75", "0.021787"], ["85837.39", "0"], ["85907.10", "0.120712"], ["85909.10", "0.317663"], ["85911.10", "0.835953"], ["85913.10", "2.200120"], ["85956.00", "4.436379"], ["85964.60", "4.347651"], ["85968.71", "0"], ["85973.20", "4.525106"], ["85975.47", "0.122969"], ["85981.80", "5.412382"], ["85990.40", "4.613834"], ["85999.00", "5.057471"], ["86007.60", "4.170196"], ["86016.20", "5.323654"], ["86024.80", "4.968744"], ["86033.40", "4.702561"], ["86042.00", "4.791289"], ["86050.60", "4.880016"], ["86059.20", "4.258923"], ["86067.80", "5.146199"], ["86076.40", "3.904013"], ["86085.00", "3.815286"], ["86093.60", "5.234927"], ["86102.20", "5.501109"], ["86110.80", "3.992741"], ["86119.40", "4.081468"]], "bids": [["85829.10", "2.149662"], ["85827.10", "5.657004"], ["85784.20", "4.880016"], ["85775.60", "5.323654"], ["85767.00", "5.234927"], ["85763.00", "0"], ["85758.40", "4.613834"], ["85749.80", "4.968744"], ["85724.00", "4.258923"], ["85715.40", "4.702561"], ["85706.80", "4.791289"], ["85698.20", "5.057471"], ["85689.60", "4.436379"], ["85681.00", "5.501109"], ["85663.80", "4.170196"], ["85655.20", "4.525106"], ["85646.60", "3.904013"], ["85638.00", "5.146199"], ["85629.40", "4.347651"], ["85620.80", "5.412382"], ["85368.44", "0.000048"]], "checksum": 419937796, "ts": "1742458823814"}], "ts": 1742458823819, "record_time": 1742458824.316632}
{"action": "update", "arg": {"instType": "SPOT", "channel": "books", "instId": "BTCUSDT"}, "data": [{"asks": [["85831.00", "0.101172"], ["85831.03", "0"], ["85873.86", "0.115094"], ["85905.10", "0.045831"], ["85907.10", "0.120484"], ["85909.09", "0"], ["85909.10", "0.317064"], ["85911.10", "0.834377"], ["85913.10", "2.195730"], ["85936.90", "0.000022"], ["85956.00", "5.234927"], ["85964.60", "3.992741"], ["85981.80", "4.702561"], ["85990.40", "4.347651"], ["85999.00", "4.170196"], ["86007.60", "5.323654"], ["86016.20", "4.791289"], ["86024.80", "3.815286"], ["86033.40", "4.436379"], ["86042.00", "4.081468"], ["86050.60", "5.412382"], ["86059.20", "4.968744"], ["86067.80", "5.501109"], ["86085.00", "4.613834"], ["86093.60", "4.880016"], ["86102.20", "5.146199"], ["86110.80", "5.057471"], ["86119.40", "4.258923"]], "bids": [["85784.20", "3.904013"], ["85775.60", "4.791289"], ["85767.00", "4.258923"], ["85758.40", "4.436379"], ["85749.80", "4.081468"], ["85741.20", "4.880016"], ["85732.60", "3.815286"], ["85724.00", "4.968744"], ["85715.40", "5.323654"], ["85706.80", "4.613834"], ["85698.20", "4.347651"], ["85689.60", "5.146199"], ["85681.00", "4.702561"], ["85672.40", "3.992741"], ["85663.80", "5.234927"], ["85655.20", "5.057471"], ["85646.60", "5.412382"], ["85638.00", "4.525106"], ["85629.40", "4.170196"], ["85620.80", "5.501109"]], "checksum": -1083583762, "ts": "1742458824016"}], "ts": 1742458824019, "record_time": 1742458824.524209}
