{"asks": [["84090", "0.265143"], ["84090.01", "0.000220"], ["84090.02", "0.0001"], ["84090.03", "0.0001"], ["84094.98", "0.035480"], ["84098.05", "0.0861"], ["84098.41", "0.209200"], ["84103.08", "0.000222"], ["84109.2", "0.059955"], ["84109.21", "0.016008"], ["84109.24", "0.005575"], ["84109.27", "0.000865"], ["84109.29", "0.006307"], ["84109.35", "0.007162"], ["84110.39", "0.014272"], ["84110.4", "0.112995"], ["84113.4", "0.17244"], ["84113.41", "0.209200"], ["84115.51", "0.2241"], ["84115.8", "0.035952"], ["84116.07", "0.11987"], ["84117.49", "0.035961"], ["84117.89", "0.194312"], ["84117.9", "0.313967"], ["84117.93", "0.006356"], ["84117.97", "0.006356"], ["84118.09", "0.006356"], ["84118.22", "0.017444"], ["84119.35", "0.006356"], ["84119.46", "0.010984"], ["84119.47", "0.006356"], ["84120", "0.002"], ["84120.44", "0.006356"], ["84121.02", "0.006356"], ["84121.04", "0.006356"], ["84121.4", "0.119883"], ["84121.5", "0.006356"], ["84121.53", "0.006356"], ["84121.77", "0.119867"], ["84122.16", "0.016429"], ["84122.94", "0.016429"], ["84123.07", "0.006357"], ["84124.39", "0.545578"], ["84124.4", "1.531031"], ["84124.7", "0.11985"], ["84124.75", "0.010985"], ["84124.86", "0.00999"], ["84124.97", "0.010988"], ["84125.73", "0.119858"], ["84125.98", "0.015892"], ["84126.21", "0.070525"], ["84126.22", "0.209200"], ["84126.38", "0.009989"], ["84127.18", "0.015895"], ["84130.73", "0.003742"], ["84130.74", "0.012472"], ["84137.08", "0.053092"], ["84137.09", "0.209200"], ["84142.9", "0.000958"], ["84146.97", "0.180847"], ["84150", "0.002064"], ["84150.84", "0.001598"], ["84152.37", "0.836222"], ["84152.38", "3.568246"], ["84152.91", "0.001597"], ["84154.1", "0.001033"], ["84156.1", "0.001040"], ["84158.1", "0.002540"], ["84160.1", "0.006683"], ["84161.41", "0.712915"], ["84161.58", "0.209200"], ["84162.1", "0.017586"], ["84164.1", "0.046280"], ["84166.1", "0.121788"], ["84168.1", "0.320497"], ["84170.1", "0.843413"], ["84172.1", "2.219508"], ["84172.5", "0.207473"], ["84174.1", "5.840809"], ["84174.4", "0.003960"], ["84174.51", "0.000388"], ["84175", "0.971880"], ["84175.21", "0.405582"], ["84175.7", "2.354700"], ["84175.8", "0.026220"], ["84177", "0.075000"], ["84177.4", "0.150000"], ["84177.6", "0.070560"], ["84177.8", "0.240000"], ["84178.4", "0.015000"], ["84178.41", "0.209200"], ["84178.8", "0.030000"], ["84179", "1.306440"], ["84179.9", "0.144510"], ["84180", "0.002000"], ["84180.3", "0.102840"], ["84180.6", "1.069320"], ["84180.8", "0.035640"], ["84181.2", "0.120000"], ["84181.7", "1.130520"]], "bids": [["84089.99", "1.841558"], ["84089.8", "8.509370"], ["84089.19", "2.327940"], ["84089.18", "0.253588"], ["84089.13", "0.008895"], ["84089.12", "0.010333"], ["84089", "0.001058"], ["84088.69", "0.008534"], ["84088.68", "0.005581"], ["84088.64", "0.009862"], ["84088.62", "0.004827"], ["84088.6", "0.005169"], ["84088.58", "0.005117"], ["84088.4", "0.001036"], ["84088.2", "0.001009"], ["84088.1", "3.703380"], ["84087.9", "0.068190"], ["84087.4", "1.350210"], ["84086.3", "0.072030"], ["84085.9", "0.090540"], ["84085.2", "0.823770"], ["84084.7", "0.144510"], ["84083.97", "0.276676"], ["84083.96", "0.000357"], ["84083.9", "0.092731"], ["84083.8", "0.073680"], ["84083.5", "0.004140"], ["84083.3", "0.305400"], ["84083.2", "0.006060"], ["84083.1", "0.035640"], ["84082.3", "0.015000"], ["84081.9", "0.067800"], ["84081.8", "0.248820"], ["84081.71", "0.313967"], ["84081.52", "0.008268"], ["84080.5", "0.231990"], ["84080.1", "0.120000"], ["84079.9", "0.067800"], ["84079.89", "0.008059"], ["84079.2", "0.132570"], ["84078.7", "0.072570"], ["84078.5", "0.072690"], ["84077.9", "0.067980"], ["84077.7", "2.243070"], ["84077.2", "0.035640"], ["84077", "0.2231630"], ["84076", "0.000015"], ["84075.7", "0.153580"], ["84075.44", "0.089463"], ["84075", "0.000015"], ["84074.87", "0.247526"], ["84074", "0.000015"], ["84073.76", "0.083919"], ["84073.36", "0.017813"], ["84073.06", "0.01825"], ["84073", "0.000015"], ["84072.54", "0.028858"], ["84072.51", "0.005945"], ["84072.22", "0.008426"], ["84072.06", "0.008012"], ["84072.03", "0.006471"], ["84072", "0.008611"], ["84071.8", "0.008319"], ["84071.7", "0.055642"], ["84071.64", "0.025178"], ["84071.3", "0.009209"], ["84071.24", "0.006905"], ["84071.19", "0.007304"], ["84071.08", "0.017099"], ["84071", "0.000015"], ["84070.99", "3.051386"], ["84070.87", "0.00713"], ["84070.82", "0.007338"], ["84070.42", "0.007941"], ["84070.39", "0.008992"], ["84070.1", "0.224827"], ["84070.09", "0.05195"], ["84070", "0.000015"], ["84069.9", "0.017346"], ["84069.86", "0.008183"], ["84069", "0.000015"], ["84068.59", "0.209200"], ["84068.52", "0.018512"], ["84068.4", "0.012652"], ["84068.14", "0.004016"], ["84068", "0.000015"], ["84067", "0.000015"], ["84066.5", "0.268311"], ["84066.12", "0.076094"], ["84066", "0.000015"], ["84065.52", "0.222615"], ["84065", "0.000015"], ["84064.99", "0.021124"], ["84064.23", "0.008092"], ["84064.13", "0.008263"], ["84064.08", "0.005051"], ["84064", "0.000015"], ["84063", "0.000015"], ["84062", "0.000015"], ["84061.23", "0.259732"]], "ts": "1742554938135", "timestamp": 1742554938.5305028}
{"asks": [["84073.01", "1.705762"], ["84073.02", "0.0001"], ["84073.03", "0.0001"], ["84073.04", "0.000100"], ["84075.61", "0.000222"], ["84075.62", "0.196307"], ["84075.63", "0.654357"], ["84078.64", "0.009407"], ["84078.71", "0.005575"], ["84078.72", "0.006307"], ["84078.74", "0.006601"], ["84078.79", "0.007162"], ["84078.82", "0.000865"], ["84081.41", "0.088794"], ["84081.42", "0.209200"], ["84082.94", "0.112930"], ["84087.64", "0.035961"], ["84087.65", "0.11987"], ["84088.26", "0.035952"], ["84088.66", "0.026893"], ["84089.27", "0.035961"], ["84089.32", "0.006356"], ["84089.52", "0.006356"], ["84089.85", "0.006356"], ["84091.2", "0.006356"], ["84091.37", "0.006356"], ["84092.02", "0.010984"], ["84092.21", "0.006356"], ["84092.36", "0.006356"], ["84092.51", "0.006356"], ["84092.84", "0.006356"], ["84092.89", "0.006356"], ["84093.32", "0.016429"], ["84094.17", "0.119883"], ["84094.37", "0.006357"], ["84094.5", "0.016429"], ["84096.19", "0.010985"], ["84097.01", "0.00999"], ["84097.93", "0.55432"], ["84097.95", "0.11985"], ["84098.41", "0.209200"], ["84098.81", "0.119858"], ["84099.14", "0.119867"], ["84099.21", "0.009989"], ["84099.26", "1.531031"], ["84099.31", "0.015895"], ["84102.63", "0.010988"], ["84102.82", "0.2223"], ["84102.99", "0.015892"], ["84105.37", "0.017446"], ["84113.4", "0.064018"], ["84113.41", "0.209200"], ["84115.01", "0.012472"], ["84116.17", "0.184426"], ["84120", "0.002000"], ["84125.31", "0.001598"], ["84126.21", "0.706776"], ["84126.22", "0.209200"], ["84126.7", "0.001631"], ["84126.85", "3.569077"], ["84127.22", "0.001597"], ["84128.7", "0.002688"], ["84130.7", "0.007142"], ["84132.2", "0.000958"], ["84132.7", "0.018793"], ["84134.05", "0.713147"], ["84134.7", "0.049456"], ["84136.7", "0.129923"], ["84137.08", "0.063339"], ["84137.09", "0.209200"], ["84138.7", "0.341949"], ["84140.7", "0.899864"], ["84141.8", "0.207473"], ["84142.7", "2.368065"], ["84144.7", "6.231750"], ["84146.7", "16.399341"], ["84147.3", "0.001740"], ["84147.8", "0.003480"], ["84148.1", "0.067980"], ["84148.9", "0.071880"], ["84149", "0.001047"], ["84149.6", "0.001007"], ["84150", "0.002064"], ["84150.1", "1.123680"], ["84150.3", "0.072060"], ["84151.39", "0.199321"], ["84151.4", "1.350000"], ["84152", "0.006060"], ["84152.2", "0.356820"], ["84153", "0.356820"], ["84153.4", "0.071310"], ["84153.9", "0.357660"], ["84154.1", "1.146840"], ["84154.4", "1.069320"], ["84154.7", "0.891480"], ["84155.2", "0.009000"], ["84155.5", "0.423000"], ["84155.6", "0.120000"], ["84156.1", "1.101900"], ["84156.5", "0.131280"]], "bids": [["84073", "0.95061800"], ["84072.99", "0.000100"], ["84072.98", "0.000100"], ["84072.97", "0.000100"], ["84072.5", "0.018043"], ["84072", "0.000032"], ["84071", "0.000032"], ["84070.51", "0.07561"], ["84070.5", "0.047480"], ["84070", "0.000032"], ["84069.19", "0.00775"], ["84069", "0.000032"], ["84068.5", "0.124947"], ["84068.35", "0.01"], ["84068.32", "0.00592"], ["84068.27", "0.008501"], ["84068", "0.000032"], ["84067.35", "0.041077"], ["84067.07", "0.019301"], ["84067.03", "0.007467"], ["84067.02", "0.008237"], ["84067", "0.000032"], ["84066.96", "0.007795"], ["84066.51", "0.371582"], ["84066.5", "0.328808"], ["84066", "0.000032"], ["84065", "0.000032"], ["84064.5", "0.865286"], ["84064.45", "0.021425"], ["84064", "0.000032"], ["84063", "0.000032"], ["84062.94", "0.009863"], ["84062.93", "0.005169"], ["84062.92", "0.005581"], ["84062.9", "0.006107"], ["84062.88", "0.008535"], ["84062.84", "0.005117"], ["84062.81", "0.004827"], ["84062.5", "2.277068"], ["84062.2", "0.001016"], ["84062", "0.008744"], ["84061.93", "0.010334"], ["84061.9", "1.382700"], ["84061.86", "0.008896"], ["84061.7", "0.001018"], ["84061.57", "0.314001"], ["84061.5", "0.071280"], ["84061", "0.000032"], ["84060.5", "0.286500"], ["84060", "0.18575100"], ["84059.9", "0.111450"], ["84059", "0.070770"], ["84058.37", "0.028180"], ["84058.2", "0.009180"], ["84058", "0.000032"], ["84057.9", "0.067980"], ["84057.78", "1.527075"], ["84057.77", "3.051796"], ["84057.7", "0.028440"], ["84057.2", "0.045540"], ["84057", "0.000032"], ["84056.7", "0.540600"], ["84056.6", "0.880560"], ["84056.5", "0.270000"], ["84056.3", "0.012630"], ["84056", "0.000032"], ["84055.9", "0.067800"], ["84055.7", "0.294300"], ["84055.6", "0.030000"], ["84055.4", "0.022650"], ["84055.1", "0.153580"], ["84055", "0.000032"], ["84054.7", "0.120000"], ["84054", "0.000032"], ["84053.96", "0.027453"], ["84053.91", "0.020944"], ["84053.9", "0.120000"], ["84053.7", "0.015000"], ["84053.2", "0.000700"], ["84053.1", "0.131100"], ["84053", "0.000032"], ["84052.9", "0.120000"], ["84052.5", "2.879130"], ["84052.2", "0.589140"], ["84052", "0.000032"], ["84051.59", "0.209200"], ["84051.06", "0.008268"], ["84051", "0.000032"], ["84050", "0.000032"], ["84049.27", "0.008059"], ["84049", "0.000032"], ["84048.87", "0.014231"], ["84048", "0.000032"], ["84047.91", "0.089474"], ["84047", "0.000032"], ["84046.45", "0.247559"], ["84046", "0.000032"], ["84045.81", "0.004017"], ["84045.55", "0.08393"], ["84045", "0.000956"]], "ts": "1742555024835", "timestamp": 1742555024.922405}
{"asks": [["84054.01", "1.532143"], ["84054.74", "0.095134"], ["84054.75", "0.204076"], ["84054.92", "0.113037"], ["84059", "0.126169"], ["84059.01", "0.224949"], ["84059.89", "0.014359"], ["84059.91", "0.209200"], ["84063.01", "0.000357"], ["84065.85", "0.005236"], ["84065.86", "0.017454"], ["84068.21", "0.160991"], ["84068.22", "0.314035"], ["84069.01", "0.222600"], ["84073.48", "0.11987"], ["84074.68", "0.035952"], ["84075.11", "0.459309"], ["84075.12", "1.531031"], ["84076.34", "0.035961"], ["84076.89", "0.006356"], ["84077.12", "0.006356"], ["84077.53", "0.006356"], ["84078.42", "0.010984"], ["84078.76", "0.006356"], ["84079.1", "0.006356"], ["84079.35", "0.006356"], ["84079.67", "0.06276"], ["84079.68", "0.209200"], ["84079.76", "0.016429"], ["84079.84", "0.006356"], ["84079.99", "0.006356"], ["84080.18", "0.016429"], ["84080.27", "0.006356"], ["84080.28", "0.006356"], ["84080.44", "0.19370"], ["84080.45", "0.119883"], ["84081.82", "0.010985"], ["84082.13", "0.006357"], ["84082.62", "0.00999"], ["84082.7", "0.2070"], ["84083.49", "0.119867"], ["84083.61", "0.11985"], ["84084.56", "0.044138"], ["84084.57", "0.119858"], ["84085.05", "0.015895"], ["84085.16", "0.009989"], ["84087.16", "0.015892"], ["84088.25", "0.010988"], ["84088.47", "0.056736"], ["84088.48", "0.176649"], ["84088.61", "0.012472"], ["84095.06", "0.06276"], ["84095.07", "0.209200"], ["84098.2", "0.001535"], ["84100.2", "0.002504"], ["84102.2", "0.006601"], ["84103.48", "0.209200"], ["84103.85", "3.570413"], ["84104.2", "0.017369"], ["84105.51", "0.713389"], ["84106.2", "0.045710"], ["84107.1", "0.001598"], ["84108.2", "0.120287"], ["84109.18", "0.001597"], ["84110.2", "0.316546"], ["84112.2", "0.833015"], ["84113.41", "0.209200"], ["84114.2", "2.192145"], ["84116.2", "5.768802"], ["84118.2", "15.181060"], ["84118.8", "0.122370"], ["84118.89", "0.014887"], ["84118.9", "0.001008"], ["84119.4", "0.001002"], ["84119.8", "0.036300"], ["84119.9", "0.405960"], ["84120", "0.002000"], ["84120.1", "0.068190"], ["84121.3", "0.292440"], ["84121.7", "0.072720"], ["84122.5", "0.551520"], ["84123.4", "0.320670"], ["84124", "1.366770"], ["84124.1", "4.823970"], ["84124.2", "0.120000"], ["84124.5", "1.922700"], ["84125", "0.007080"], ["84125.8", "0.035670"], ["84126.1", "0.067980"], ["84126.22", "0.209200"], ["84126.5", "0.179250"], ["84126.6", "0.009000"], ["84126.9", "0.113280"], ["84127.09", "0.012765"], ["84127.4", "0.006030"], ["84127.5", "0.150210"], ["84127.6", "0.073110"], ["84127.8", "0.035670"], ["84128.1", "0.067800"], ["84128.6", "0.356880"]], "bids": [["84054", "0.055632"], ["84053.99", "0.0001"], ["84053.98", "0.0001"], ["84053.97", "0.0001"], ["84053.9", "0.010000"], ["84053.73", "0.041107"], ["84053.2", "0.000700"], ["84053", "0.000032"], ["84052.86", "0.027845"], ["84052", "0.001032"], ["84051", "0.000032"], ["84050", "0.001091"], ["84049", "0.000032"], ["84048", "0.002146"], ["84047", "0.000032"], ["84046", "0.005648"], ["84045.51", "0.021425"], ["84045", "0.000956"], ["84044", "0.014861"], ["84043", "0.000032"], ["84042.39", "0.112803"], ["84042", "0.039110"], ["84041.04", "0.014844"], ["84041", "0.000032"], ["84040.67", "0.028180"], ["84040.16", "0.008502"], ["84040.1", "0.00592"], ["84040.01", "0.193805"], ["84040", "0.102919"], ["84039.99", "0.2092000000000000"], ["84039.6", "0.017952"], ["84039.58", "0.007468"], ["84039.55", "0.009588"], ["84039.53", "0.007795"], ["84039.51", "0.007751"], ["84039", "0.000032"], ["84038.33", "0.012472"], ["84038", "0.270840"], ["84037", "0.000032"], ["84036.31", "1.093198"], ["84036.07", "0.008897"], ["84036", "0.712737"], ["84035.93", "0.010334"], ["84035.88", "0.008713"], ["84035.43", "0.009863"], ["84035.4", "0.005582"], ["84035.39", "0.005169"], ["84035.38", "0.008536"], ["84035.37", "0.005118"], ["84035.33", "0.004828"], ["84035", "0.000032"], ["84034.34", "0.089484"], ["84034", "1.875624"], ["84033.9", "0.006810"], ["84033.7", "0.001031"], ["84033.6", "0.001030"], ["84033.41", "0.899223"], ["84033.4", "0.230970"], ["84033", "0.000032"], ["84032.66", "0.006147"], ["84032.63", "0.083939"], ["84032.57", "0.017817"], ["84032.4", "0.289710"], ["84032.29", "0.247585"], ["84032", "0.018286"], ["84031.97", "0.005946"], ["84031.78", "0.004017"], ["84031.4", "0.209200"], ["84031.2", "0.009000"], ["84031", "0.000032"], ["84030.86", "0.017103"], ["84030.8", "0.515850"], ["84030.68", "0.055655"], ["84030.6", "1.373370"], ["84030.4", "0.069990"], ["84030.18", "0.007131"], ["84030.16", "0.028864"], ["84030", "0.002956"], ["84029.9", "0.006600"], ["84029.76", "0.007339"], ["84029.5", "0.006000"], ["84029.39", "0.008994"], ["84029.24", "0.007943"], ["84029.18", "0.224881"], ["84029.1", "0.072990"], ["84029", "0.006870"], ["84028.91", "0.025184"], ["84028.67", "0.008185"], ["84028.66", "0.017351"], ["84028.62", "0.314035"], ["84028", "0.000032"], ["84027.5", "0.120000"], ["84027.2", "3.481110"], ["84027.19", "0.051963"], ["84027", "0.000032"], ["84026.7", "0.120000"], ["84026.31", "0.018517"], ["84026", "0.000032"], ["84025.9", "0.006600"], ["84025.44", "0.268374"]], "ts": "1742555169369", "timestamp": 1742555169.870019}
{"asks": [["84029.41", "0.333467"], ["84029.42", "0.000100"], ["84029.43", "0.0001"], ["84029.44", "0.0001"], ["84030.49", "0.088149"], ["84030.7", "0.136319"], ["84036.96", "0.054750"], ["84037.81", "0.000221"], ["84040.67", "0.013964"], ["84040.69", "0.112637"], ["84041.67", "0.000357"], ["84041.92", "0.000679"], ["84041.93", "0.007162"], ["84041.96", "0.000865"], ["84041.97", "0.009407"], ["84042.02", "0.003872"], ["84042.03", "0.006601"], ["84042.04", "0.006307"], ["84046.22", "0.072066"], ["84046.23", "0.209200"], ["84051.72", "0.035952"], ["84052.15", "0.11987"], ["84053.09", "0.478871"], ["84053.1", "0.017457"], ["84053.42", "0.035961"], ["84053.76", "1.531031"], ["84053.84", "0.006356"], ["84054.07", "0.006356"], ["84054.34", "0.006356"], ["84054.81", "0.225089"], ["84054.82", "0.314141"], ["84055.41", "0.010984"], ["84055.7", "0.006356"], ["84055.85", "0.006356"], ["84056.35", "0.006356"], ["84056.4", "0.016429"], ["84056.52", "0.209200"], ["84056.86", "0.006356"], ["84056.87", "0.006356"], ["84057.19", "0.016429"], ["84057.22", "0.119883"], ["84057.37", "0.006356"], ["84057.38", "0.006356"], ["84058.88", "0.010985"], ["84058.93", "0.006357"], ["84059.01", "0.132230"], ["84059.72", "0.00999"], ["84060", "0.002"], ["84060.65", "0.11985"], ["84061.66", "0.119858"], ["84061.74", "0.119867"], ["84062.01", "0.015895"], ["84062.17", "0.1642"], ["84062.24", "0.009989"], ["84065.95", "0.008064"], ["84065.96", "0.015892"], ["84066.85", "0.010988"], ["84069", "0.074566"], ["84069.01", "0.209200"], ["84071.21", "0.012472"], ["84075.66", "0.062760"], ["84079.68", "0.209200"], ["84080.97", "0.18295"], ["84081.74", "0.773683"], ["84081.75", "3.570943"], ["84083.4", "0.001019"], ["84085.39", "0.004110"], ["84085.4", "0.001052"], ["84087.14", "0.01"], ["84087.33", "0.001598"], ["84087.4", "0.001045"], ["84089.27", "0.001597"], ["84089.4", "0.001004"], ["84090", "0.002"], ["84090.73", "0.011625"], ["84090.74", "0.713514"], ["84091.4", "0.001008"], ["84093.4", "0.002016"], ["84095", "0.001000"], ["84095.07", "0.209200"], ["84095.4", "0.005305"], ["84097.4", "0.013846"], ["84099.4", "0.036194"], ["84099.85", "0.402805"], ["84100", "0.004910"], ["84101.4", "0.095248"], ["84103.4", "0.250654"], ["84103.48", "0.209200"], ["84103.8", "0.006060"], ["84104.2", "0.001044"], ["84104.4", "0.001024"], ["84105.7", "0.007050"], ["84105.9", "0.001025"], ["84106.7", "0.515880"], ["84107", "0.072900"], ["84107.6", "0.916680"], ["84108.1", "0.067980"], ["84108.5", "2.356410"], ["84109.9", "0.402840"], ["84110.1", "0.067800"]], "bids": [["84029.4", "1.01134100"], ["84029.39", "0.0001"], ["84029.38", "0.006024"], ["84029.37", "0.010106"], ["84029.2", "0.088474"], ["84028.51", "0.00747"], ["84028.49", "0.007798"], ["84028.46", "0.009719"], ["84028.45", "0.008242"], ["84028.44", "0.009592"], ["84028.39", "0.007755"], ["84028.21", "0.190916"], ["84027.2", "0.232826"], ["84027", "0.000032"], ["84026", "0.000032"], ["84025.23", "0.01034"], ["84025.2", "0.612700"], ["84025.19", "0.008716"], ["84025", "0.000032"], ["84024.32", "0.005173"], ["84024.3", "0.005121"], ["84024.26", "0.008539"], ["84024.25", "0.005585"], ["84024.24", "0.009868"], ["84024.23", "0.004829"], ["84024", "0.000032"], ["84023.49", "1.282661"], ["84023.2", "1.612369"], ["84023", "0.000032"], ["84022.84", "3.053422"], ["84022", "0.000032"], ["84021.58", "0.209200"], ["84021.2", "4.243076"], ["84021", "0.000032"], ["84020", "0.001263"], ["84019.2", "11.165989"], ["84019.15", "0.314146"], ["84019.1", "0.075180"], ["84019", "0.006060"], ["84018.5", "0.884550"], ["84018.1", "2.356950"], ["84018", "0.000032"], ["84017.9", "0.567780"], ["84017.6", "0.066690"], ["84017", "0.000032"], ["84016", "0.000032"], ["84015.9", "0.139170"], ["84015.8", "0.356880"], ["84015.6", "0.070020"], ["84015.54", "0.006203"], ["84015.2", "0.215850"], ["84015.1", "0.356880"], ["84015", "0.000956"], ["84014.42", "0.014857"], ["84014.41", "0.005773"], ["84014.4", "0.269760"], ["84014.27", "0.008273"], ["84014.2", "2.943990"], ["84014", "0.000032"], ["84013.9", "0.090600"], ["84013.4", "0.178440"], ["84013.17", "0.209200"], ["84013", "0.178440"], ["84012.9", "0.120000"], ["84012.8", "0.017820"], ["84012.6", "0.008064"], ["84012.5", "0.035850"], ["84012.1", "0.120000"], ["84012", "0.000032"], ["84011.9", "0.178440"], ["84011.7", "0.428250"], ["84011.39", "0.089521"], ["84011.3", "0.178440"], ["84011.2", "1.091580"], ["84011.1", "0.535320"], ["84011", "0.285480"], ["84010.98", "0.247687"], ["84010.9", "0.553140"], ["84010.79", "0.000957"], ["84010", "0.000032"], ["84009.8", "0.153580"], ["84009.72", "0.083974"], ["84009.31", "0.017824"], ["84009.2", "0.018262"], ["84009", "0.000032"], ["84008.79", "0.005949"], ["84008", "0.000032"], ["84007.68", "0.055678"], ["84007.46", "0.01711"], ["84007.28", "0.007134"], ["84007.19", "0.008431"], ["84007.11", "0.008019"], ["84007.07", "0.006475"], ["84007.03", "0.008601"], ["84007", "0.000032"], ["84006.98", "0.013224"], ["84006.83", "0.028876"], ["84006.78", "0.007342"], ["84006.73", "0.004019"], ["84006.28", "0.008998"]], "ts": "1742555346020", "timestamp": 1742555346.059537}
{"asks": [["83945.96", "1.599340"], ["83946", "0.124003"], ["83946.01", "0.05320"], ["83946.25", "0.346369"], ["83946.27", "0.013774"], ["83952.01", "0.015749"], ["83953", "0.493429"], ["83953.01", "0.209200"], ["83953.46", "1.531031"], ["83955.5", "0.094345"], ["83955.51", "0.314484"], ["83961.12", "0.017476"], ["83962", "0.062760"], ["83962.01", "0.209200"], ["83964.51", "0.001145"], ["83966.86", "0.035952"], ["83966.93", "0.049500"], ["83967.26", "0.11987"], ["83968.58", "0.035961"], ["83969", "0.006356"], ["83969.11", "0.006356"], ["83969.44", "0.006356"], ["83970", "0.002537"], ["83970.55", "0.010984"], ["83970.82", "0.006356"], ["83970.96", "0.006356"], ["83970.99", "0.014055"], ["83971", "0.156495"], ["83971.01", "0.209200"], ["83971.47", "0.016429"], ["83971.52", "0.006356"], ["83971.99", "0.006356"], ["83972", "0.006356"], ["83972.3", "0.119883"], ["83972.35", "0.016429"], ["83972.51", "0.006356"], ["83972.53", "0.006356"], ["83973.99", "0.006357"], ["83974", "0.010985"], ["83974.77", "0.1384"], ["83974.82", "0.00999"], ["83975.48", "0.012472"], ["83975.77", "0.11985"], ["83976.34", "0.079683"], ["83976.77", "0.119858"], ["83976.9", "0.119867"], ["83977.19", "0.015895"], ["83977.33", "0.009989"], ["83979.66", "1.215931"], ["83980.8", "0.183656"], ["83981.14", "0.015892"], ["83981.3", "3.575091"], ["83981.95", "0.010988"], ["83983", "0.001142"], ["83983.4", "0.01"], ["83984", "0.062760"], ["83984.01", "0.209200"], ["83985", "0.002010"], ["83987", "0.005289"], ["83989", "0.013920"], ["83990.38", "0.221327"], ["83990.39", "0.714367"], ["83991", "0.036631"], ["83993", "0.105941"], ["83993.01", "0.209200"], ["83995", "0.253675"], ["83996.2", "0.000958"], ["83996.99", "0.476292"], ["83997", "0.667568"], ["83999", "1.756757"], ["84000", "0.002"], ["84001", "4.623044"], ["84002.01", "0.001598"], ["84003", "12.165907"], ["84003.1", "0.001860"], ["84003.2", "0.001045"], ["84003.3", "0.001009"], ["84003.4", "3.275280"], ["84003.93", "0.001597"], ["84004", "0.068010"], ["84004.41", "0.209200"], ["84005.7", "0.022620"], ["84006.6", "0.074250"], ["84006.9", "0.303000"], ["84007.2", "0.006030"], ["84007.5", "0.026820"], ["84008", "0.067800"], ["84008.3", "0.144780"], ["84008.4", "1.138890"], ["84008.5", "0.069090"], ["84009.1", "0.318780"], ["84009.5", "0.071040"], ["84009.7", "0.361800"], ["84009.9", "0.714900"], ["84010", "0.067800"], ["84010.4", "0.496590"], ["84010.8", "0.714900"], ["84010.95", "0.000089"], ["84011.6", "0.714900"], ["84011.7", "0.156000"]], "bids": [["83945.95", "0.038228"], ["83945", "0.000032"], ["83944", "0.000032"], ["83943", "0.000032"], ["83942.61", "0.014216"], ["83942.01", "0.047852"], ["83942", "0.000032"], ["83941.53", "0.002907"], ["83941", "0.000032"], ["83940.84", "0.002907"], ["83940", "0.003263"], ["83939", "0.001048"], ["83938", "0.000032"], ["83937", "0.001014"], ["83936.2", "0.209200"], ["83936.09", "0.001145"], ["83936", "0.000032"], ["83935", "0.001292"], ["83934", "0.000032"], ["83933", "0.003401"], ["83932.12", "0.111965"], ["83932", "0.000032"], ["83931", "0.008949"], ["83930", "0.000649"], ["83929.63", "0.020536"], ["83929.51", "0.006215"], ["83929", "0.023549"], ["83928", "0.000032"], ["83927.31", "0.270882"], ["83927", "0.061971"], ["83926.56", "0.08961"], ["83926.3", "0.008512"], ["83926.29", "0.010013"], ["83926.12", "0.247933"], ["83926", "0.000032"], ["83925.98", "0.024965"], ["83925.95", "0.009599"], ["83925.93", "0.008248"], ["83925.07", "0.209200"], ["83925", "0.163084"], ["83924.92", "0.084057"], ["83924.5", "0.017842"], ["83924.29", "0.01828"], ["83924.02", "0.004023"], ["83924", "0.000032"], ["83923.95", "0.005954"], ["83923.01", "0.608935"], ["83923", "0.429168"], ["83922.87", "0.055734"], ["83922.63", "0.017127"], ["83922.44", "0.007141"], ["83922.15", "0.008907"], ["83922.06", "0.008724"], ["83922.02", "0.010347"], ["83922", "0.000032"], ["83921.99", "0.00735"], ["83921.94", "0.028905"], ["83921.81", "0.009876"], ["83921.75", "0.008544"], ["83921.7", "0.015132"], ["83921.65", "0.005589"], ["83921.47", "0.009007"], ["83921.46", "0.007954"], ["83921.15", "0.02522"], ["83921.09", "0.225197"], ["83921.08", "0.012472"], ["83921", "1.129389"], ["83920.98", "0.017375"], ["83920.97", "0.008196"], ["83920", "0.001263"], ["83919.79", "0.314460"], ["83919.44", "0.052036"], ["83919.43", "0.012673"], ["83919.3", "3.055957"], ["83919", "2.972075"], ["83918.9", "0.001650"], ["83918.6", "0.001045"], ["83918.57", "0.018543"], ["83918.43", "0.71498"], ["83918.1", "0.962520"], ["83918.07", "0.254273"], ["83918", "0.008970"], ["83917.68", "0.268752"], ["83917.4", "0.045240"], ["83917.35", "0.022860"], ["83917", "0.000032"], ["83916.9", "0.045210"], ["83916.67", "0.222981"], ["83916.46", "0.260159"], ["83916.25", "0.076219"], ["83916.2", "2.462490"], ["83916.05", "0.021159"], ["83916", "0.000032"], ["83915.9", "0.553920"], ["83915.77", "0.209200"], ["83915.7", "0.240000"], ["83915.4", "0.068970"], ["83915", "0.000032"], ["83914.8", "0.030000"], ["83914.7", "1.412310"]], "ts": "1742556561302", "timestamp": 1742556561.444679}
{"asks": [["84144.01", "1.480086"], ["84145.02", "0.066593"], ["84145.03", "0.113441"], ["84146.34", "0.009588"], ["84146.35", "0.015713"], ["84146.62", "0.095061"], ["84147.23", "0.006307"], ["84149.96", "0.006594"], ["84150.12", "0.0094"], ["84150.84", "0.017438"], ["84151.71", "0.477489"], ["84151.72", "1.591631"], ["84155.08", "0.140795"], ["84155.09", "0.256724"], ["84157.05", "0.209200"], ["84165.7", "0.004154"], ["84165.71", "0.013847"], ["84167.24", "0.11987"], ["84167.48", "0.035952"], ["84168.56", "0.035961"], ["84169.57", "0.006356"], ["84169.66", "0.006356"], ["84169.78", "0.013794"], ["84170.09", "0.006356"], ["84171.04", "0.010984"], ["84171.07", "0.006356"], ["84171.24", "0.006356"], ["84171.53", "0.006356"], ["84171.63", "0.016429"], ["84172.02", "0.006356"], ["84172.36", "0.119883"], ["84172.58", "0.006356"], ["84172.63", "0.006356"], ["84172.76", "0.006356"], ["84172.93", "0.016429"], ["84173.87", "0.006357"], ["84173.99", "0.048326"], ["84174", "0.004524"], ["84174.01", "0.20920000000"], ["84174.06", "0.010985"], ["84174.56", "0.013393"], ["84174.87", "0.00999"], ["84174.96", "0.1152"], ["84175.64", "0.170446"], ["84175.65", "0.182695"], ["84175.75", "0.11985"], ["84176.74", "0.119858"], ["84177.21", "0.015895"], ["84177.56", "0.119867"], ["84178", "0.009989"], ["84180", "0.002"], ["84180.79", "0.603115"], ["84180.8", "3.709187"], ["84181.33", "0.015892"], ["84182.02", "0.010988"], ["84183.01", "0.209200"], ["84185.2", "0.001046"], ["84187.2", "0.001034"], ["84187.43", "0.01"], ["84188.74", "0.712684"], ["84189.2", "0.002206"], ["84191.2", "0.005806"], ["84193.2", "0.015279"], ["84194.8", "0.209200"], ["84195.2", "0.040206"], ["84197.2", "0.105806"], ["84198.77", "0.019526"], ["84199.2", "0.278437"], ["84201.2", "0.732730"], ["84202.93", "0.001598"], ["84203.2", "1.928235"], ["84203.4", "0.205041"], ["84204.04", "0.001597"], ["84205.2", "5.074303"], ["84205.3", "0.001018"], ["84205.6", "0.881760"], ["84205.7", "0.378420"], ["84205.9", "0.001026"], ["84206.4", "0.001001"], ["84206.6", "0.060000"], ["84206.7", "0.060000"], ["84207.01", "0.209200"], ["84208.9", "0.069510"], ["84209.2", "2.353590"], ["84209.6", "0.009000"], ["84210", "0.060000"], ["84210.1", "0.581460"], ["84211.3", "0.030000"], ["84211.7", "0.060000"], ["84211.9", "0.054180"], ["84212", "0.007350"], ["84212.1", "0.084600"], ["84212.7", "0.012390"], ["84213.1", "0.030000"], ["84213.6", "1.350750"], ["84214.1", "0.084600"], ["84214.3", "0.120000"], ["84215.1", "0.250380"], ["84215.2", "0.240000"], ["84215.3", "0.120000"]], "bids": [["84144", "0.696748"], ["84142", "0.000032"], ["84141", "0.000032"], ["84140.9", "0.001025"], ["84140", "0.000045"], ["84139", "0.000032"], ["84138.9", "0.001384"], ["84138.03", "0.006673"], ["84138.02", "0.010010"], ["84138", "0.000032"], ["84137.36", "0.008515"], ["84137", "0.000032"], ["84136.9", "0.003641"], ["84136", "0.000032"], ["84135", "0.000032"], ["84134.9", "0.009581"], ["84134.65", "0.00716"], ["84134.63", "0.005589"], ["84134.59", "0.072005"], ["84134.58", "0.209200"], ["84134", "0.000032"], ["84133.75", "0.009718"], ["84133.15", "0.010321"], ["84133.11", "0.008701"], ["84133", "0.000032"], ["84132.9", "0.025214"], ["84132.41", "0.005163"], ["84132.36", "0.008524"], ["84132.31", "0.004821"], ["84132.25", "0.009851"], ["84132", "0.000032"], ["84131", "0.000032"], ["84130.91", "0.078561"], ["84130.9", "0.066353"], ["84130.38", "0.000241"], ["84130.35", "0.008886"], ["84130", "0.000045"], ["84129.55", "0.005112"], ["84129.51", "0.005575"], ["84129.03", "0.000008"], ["84129", "0.000032"], ["84128.9", "0.174613"], ["84128", "0.000032"], ["84127.09", "0.089399"], ["84127", "0.000032"], ["84126.91", "0.554244"], ["84126.9", "0.459508"], ["84126.53", "0.014172"], ["84126", "0.247382"], ["84125", "0.000032"], ["84124.98", "0.0178"], ["84124.9", "1.209233"], ["84124.8", "0.083859"], ["84124.73", "0.018237"], ["84124.49", "0.00594"], ["84124.33", "0.025266"], ["84124", "0.004045"], ["84123.25", "0.055602"], ["84123", "0.000032"], ["84122.91", "2.058464"], ["84122.9", "3.182190"], ["84122.87", "0.209200"], ["84122.77", "0.017087"], ["84122.61", "0.007125"], ["84122", "0.000032"], ["84121.99", "0.028837"], ["84121.97", "0.008985"], ["84121.89", "0.007332"], ["84121.6", "0.02516"], ["84121.36", "0.007935"], ["84121.09", "0.017334"], ["84121.06", "0.026168"], ["84121.03", "0.224667"], ["84121", "0.000032"], ["84120.92", "0.013393"], ["84120.91", "0.008177"], ["84120.9", "8.374185"], ["84120.8", "0.006240"], ["84120", "0.00204500"], ["84119.9", "0.202800"], ["84119.51", "0.008257"], ["84119.37", "0.051913"], ["84119.2", "0.036060"], ["84119.18", "0.012643"], ["84119", "0.000032"], ["84118.49", "0.018499"], ["84118.3", "0.178320"], ["84118", "0.000032"], ["84117.9", "0.084780"], ["84117.74", "0.008052"], ["84117.52", "0.268119"], ["84117.41", "0.005927"], ["84117.39", "0.026611"], ["84117.34", "0.009175"], ["84117.29", "0.008418"], ["84117.27", "0.006463"], ["84117.2", "0.704430"], ["84117.1", "1.423080"], ["84117", "0.000032"], ["84116.98", "0.259547"]], "ts": "1742560332847", "timestamp": 1742560333.852441}
{"asks": [["83888.42", "0.8688630000000000"], ["83888.43", "0.0001"], ["83888.44", "0.0001"], ["83888.45", "0.0001"], ["83889.09", "0.133678"], ["83896.05", "0.006914"], ["83896.11", "0.041804"], ["83896.12", "0.008242"], ["83896.14", "0.007471"], ["83896.18", "0.009588"], ["83896.74", "0.096111"], ["83896.81", "0.209200"], ["83896.87", "0.00861"], ["83896.88", "0.015502"], ["83896.89", "0.006594"], ["83896.94", "0.0094"], ["83901.57", "1.592789"], ["83902.62", "0.000358"], ["83904.93", "0.01749"], ["83910.01", "0.06276"], ["83910.02", "0.209200"], ["83912.32", "0.001554"], ["83915.15", "0.035952"], ["83915.95", "0.11987"], ["83916.82", "0.035961"], ["83916.89", "0.0847"], ["83917.36", "0.006356"], ["83917.63", "0.006356"], ["83917.9", "0.006356"], ["83918.41", "0.014916"], ["83918.42", "0.209200"], ["83919.16", "0.006356"], ["83919.19", "0.010984"], ["83919.64", "0.006356"], ["83920.08", "0.180069"], ["83920.09", "0.006356"], ["83920.14", "0.016429"], ["83920.59", "0.012712"], ["83920.78", "0.006356"], ["83920.94", "0.016429"], ["83920.96", "0.119883"], ["83921.12", "0.006356"], ["83922.27", "0.006357"], ["83923.48", "0.00999"], ["83924.2", "0.11985"], ["83924.38", "0.010985"], ["83925.43", "0.119858"], ["83925.79", "0.015895"], ["83926.81", "0.209200"], ["83927.74", "0.009989"], ["83928.35", "0.01"], ["83928.65", "0.119867"], ["83929.1", "3.720136"], ["83931.1", "0.001010"], ["83932.56", "0.214765"], ["83932.57", "0.714859"], ["83933.1", "0.001023"], ["83933.52", "0.015892"], ["83934.71", "0.010988"], ["83935.1", "0.001044"], ["83935.99", "0.041824"], ["83936.37", "0.209200"], ["83937.1", "0.002929"], ["83939.1", "0.007708"], ["83940", "0.002000"], ["83941.1", "0.020283"], ["83943.1", "0.053576"], ["83943.7", "0.000958"], ["83944.77", "0.209200"], ["83945.1", "0.140804"], ["83947.1", "0.370329"], ["83947.72", "0.001598"], ["83949.1", "0.974550"], ["83950.27", "0.245545"], ["83951.1", "2.564605"], ["83951.4", "0.003450"], ["83951.5", "0.006240"], ["83951.6", "0.001041"], ["83951.61", "0.001597"], ["83951.7", "1.077630"], ["83951.94", "0.013444"], ["83952.4", "0.303210"], ["83953.45", "0.209200"], ["83953.9", "0.030000"], ["83954", "0.114780"], ["83954.2", "0.134670"], ["83954.4", "0.039780"], ["83954.5", "0.015000"], ["83954.6", "0.021030"], ["83954.7", "0.074640"], ["83954.9", "0.198750"], ["83955.1", "0.330360"], ["83955.3", "0.205041"], ["83956", "0.084600"], ["83956.5", "0.804570"], ["83956.9", "0.203910"], ["83957.4", "0.144780"], ["83957.5", "0.240000"], ["83957.74", "1.786613"], ["83958", "0.084780"]], "bids": [["83888.41", "0.961411"], ["83888", "0.000032"], ["83887.1", "0.001010"], ["83887", "0.000115"], ["83886", "0.000032"], ["83885.75", "0.001554"], ["83885.1", "0.001315"], ["83885", "0.000032"], ["83884.36", "0.0064"], ["83884.35", "0.005608"], ["83884.34", "0.008543"], ["83884.29", "0.007435"], ["83884", "0.000032"], ["83883.55", "0.013797"], ["83883.54", "0.009751"], ["83883.1", "0.003461"], ["83883", "0.000032"], ["83882", "0.000032"], ["83881.1", "0.009108"], ["83881", "0.000032"], ["83880.2", "0.008731"], ["83880.11", "0.019273"], ["83880", "0.003276"], ["83879.5", "0.050653"], ["83879.39", "0.009883"], ["83879.35", "0.024166"], ["83879.32", "0.005129"], ["83879.31", "0.000016"], ["83879.1", "0.023968"], ["83879", "0.000032"], ["83878", "0.000032"], ["83877.91", "0.013909"], ["83877.29", "0.000024"], ["83877.1", "0.063074"], ["83877.01", "0.000023"], ["83877", "0.000032"], ["83876", "0.000032"], ["83875.28", "0.439775"], ["83875.16", "0.000179"], ["83875.1", "0.166037"], ["83875", "0.000819"], ["83874.88", "0.089671"], ["83874.84", "0.248103"], ["83874.29", "0.004025"], ["83874", "0.000032"], ["83873.87", "0.000061"], ["83873.52", "0.000135"], ["83873.19", "0.084115"], ["83873.16", "0.017854"], ["83873.1", "0.437129"], ["83873", "0.000032"], ["83872.56", "0.018293"], ["83872.43", "0.005959"], ["83872.23", "0.113664"], ["83872", "0.000032"], ["83871.54", "0.055772"], ["83871.15", "0.007146"], ["83871.1", "1.150337"], ["83871.01", "0.017139"], ["83871", "0.000032"], ["83870.64", "0.028925"], ["83870.59", "0.007355"], ["83870.32", "1.918016"], ["83870.31", "0.209200"], ["83870.08", "0.016972"], ["83870", "0.000662"], ["83869.85", "0.052072"], ["83869.78", "0.225351"], ["83869.76", "0.025237"], ["83869.61", "0.008202"], ["83869.27", "0.017387"], ["83869.25", "0.008286"], ["83869.1", "3.027203"], ["83869", "0.000032"], ["83868.97", "3.001746"], ["83868.78", "0.008445"], ["83868.74", "0.005948"], ["83868.72", "0.006486"], ["83868.68", "0.008031"], ["83868.6", "0.010053"], ["83868.39", "0.002014"], ["83868.24", "0.260337"], ["83868", "0.000032"], ["83867.74", "0.012682"], ["83867.57", "0.008076"], ["83867.42", "0.007811"], ["83867.38", "0.009229"], ["83867.33", "0.007775"], ["83867.32", "0.007319"], ["83867.27", "0.018556"], ["83867.19", "1.073714"], ["83867.1", "7.966324"], ["83867", "0.000032"], ["83866.9", "0.406620"], ["83866.8", "0.006240"], ["83866.67", "0.002945"], ["83866.6", "2.050770"], ["83866.49", "0.021174"], ["83866.4", "0.405960"], ["83866.2", "0.405960"]], "ts": "1742560772192", "timestamp": 1742560772.223731}
{"asks": [["83712.01", "2.634001"], ["83713.99", "0.014698"], ["83714.01", "0.223111"], ["83714.94", "0.315401"], ["83717.43", "0.077465"], ["83717.44", "0.258216"], ["83722.67", "0.035952"], ["83722.92", "0.157273"], ["83723.15", "0.11987"], ["83723.95", "0.548040"], ["83724.18", "0.006356"], ["83724.36", "0.035961"], ["83724.74", "0.006356"], ["83725", "0.047600"], ["83725.01", "0.209200"], ["83725.34", "0.182897"], ["83725.93", "0.010984"], ["83726.79", "0.016429"], ["83727.16", "0.006356"], ["83727.75", "0.006356"], ["83727.79", "0.006356"], ["83727.82", "0.205458"], ["83727.83", "3.728864"], ["83727.9", "0.001464"], ["83727.91", "0.119883"], ["83728.05", "0.016429"], ["83728.35", "0.006356"], ["83728.6", "0.006356"], ["83729.6", "0.006357"], ["83729.8", "0.020285"], ["83729.81", "0.01753"], ["83729.9", "0.002388"], ["83730.12", "0.00999"], ["83730.4", "0.006356"], ["83731.06", "0.11985"], ["83731.55", "0.006356"], ["83731.67", "0.006356"], ["83731.9", "0.006286"], ["83732.45", "0.119858"], ["83732.6", "0.009989"], ["83732.73", "0.119867"], ["83732.97", "0.015895"], ["83733.9", "0.016542"], ["83734.63", "0.209200"], ["83735.9", "0.043530"], ["83736.49", "0.015892"], ["83737.8", "0.010988"], ["83737.9", "0.114552"], ["83738.2", "0.012248"], ["83739.9", "0.301636"], ["83740.63", "0.01"], ["83741.9", "0.793779"], ["83742.41", "0.0666"], ["83743.01", "0.209200"], ["83743.9", "2.088890"], ["83745.9", "5.497081"], ["83747.5", "0.716439"], ["83747.9", "14.466001"], ["83748", "0.019800"], ["83748.57", "0.018899"], ["83748.7", "1.662780"], ["83748.8", "3.835980"], ["83749.9", "0.797520"], ["83751.9", "0.084600"], ["83752.01", "0.209200"], ["83752.1", "0.073320"], ["83752.6", "0.005460"], ["83752.7", "0.052620"], ["83753.9", "0.502230"], ["83754.1", "0.358560"], ["83754.6", "0.035820"], ["83754.9", "0.358560"], ["83755", "0.013680"], ["83755.8", "0.358560"], ["83755.9", "0.084600"], ["83756.66", "0.022574"], ["83757.4", "0.120000"], ["83757.9", "0.084600"], ["83758.2", "3.113490"], ["83758.8", "0.022620"], ["83759.1", "0.120000"], ["83759.5", "0.008040"], ["83759.9", "0.084600"], ["83760", "0.002"], ["83760.5", "0.035820"], ["83761.04", "0.209200"], ["83766.4", "0.233062"], ["83766.64", "0.001598"], ["83768.43", "0.001597"], ["83770", "0.205041"], ["83785.75", "0.209200"], ["83786.62", "1.790261"], ["83789.8", "4.186990"], ["83790", "0.002000"], ["83794.31", "0.209200"], ["83796.65", "0.001810"], ["83798.2", "5.097205"], ["83800.32", "0.000083"], ["83802.69", "0.209200"], ["83805.03", "0.003620"]], "bids": [["83712", "0.000027"], ["83711", "0.000032"], ["83710", "0.000032"], ["83709", "0.000032"], ["83708", "0.000032"], ["83707", "0.000032"], ["83706", "0.000032"], ["83705", "0.000032"], ["83704", "0.000032"], ["83703.22", "0.03448"], ["83703", "0.000032"], ["83702", "0.000032"], ["83701", "0.000032"], ["83700.56", "0.010749"], ["83700", "0.002390"], ["83699", "0.000032"], ["83698", "0.000032"], ["83697.94", "0.013471"], ["83697", "0.000032"], ["83696", "0.000032"], ["83695", "0.000032"], ["83694.07", "0.006586"], ["83694", "0.000032"], ["83693.32", "0.000266"], ["83693", "0.000032"], ["83692.71", "0.00921"], ["83692.69", "0.009411"], ["83692.68", "0.014248"], ["83692.62", "0.006319"], ["83692", "0.000032"], ["83691.17", "0.00825"], ["83691", "0.000032"], ["83690.23", "0.0096"], ["83690.15", "0.005196"], ["83690", "0.000032"], ["83689", "0.000032"], ["83688.38", "0.008946"], ["83688", "0.000032"], ["83687.49", "0.00876"], ["83687.07", "0.009911"], ["83687.03", "0.005613"], ["83687", "0.000032"], ["83686.89", "0.004851"], ["83686.11", "0.000096"], ["83686", "0.000032"], ["83685.6", "0.209200"], ["83685.03", "0.005971"], ["83685", "0.000032"], ["83684.22", "0.013808"], ["83684.21", "0.000102"], ["83684.1", "0.001014"], ["83684", "0.000032"], ["83683.67", "0.000184"], ["83683.62", "0.017175"], ["83683.33", "0.007481"], ["83683.16", "0.007161"], ["83683", "0.000032"], ["83682.63", "0.0065"], ["83682.49", "0.097056"], ["83682.43", "0.00856"], ["83682.42", "0.008048"], ["83682.4", "0.010074"], ["83682.37", "0.006604"], ["83682.14", "0.248626"], ["83682.1", "0.001035"], ["83682", "0.000032"], ["83681.82", "0.000175"], ["83681.76", "0.008463"], ["83681.54", "0.005959"], ["83681", "0.000032"], ["83680.84", "0.084292"], ["83680.67", "0.041940"], ["83680.14", "0.007336"], ["83680.1", "0.001099"], ["83680.05", "0.013282"], ["83680.04", "0.025251"], ["83680", "0.001146"], ["83679.94", "0.009779"], ["83679.92", "0.00779"], ["83679.88", "0.007828"], ["83679.82", "0.017892"], ["83679.44", "0.000361"], ["83679", "0.000032"], ["83678.41", "0.000010"], ["83678.39", "0.055889"], ["83678.1", "0.001028"], ["83678.08", "0.000145"], ["83678", "0.000032"], ["83677.78", "0.00737"], ["83677.43", "0.007976"], ["83677.42", "0.000008"], ["83677.4", "0.028986"], ["83677.37", "0.000008"], ["83677.36", "0.009032"], ["83677.33", "3.004925"], ["83677.31", "0.034442"], ["83677.21", "0.209200"], ["83677.2", "0.017424"], ["83677", "0.000032"], ["83676.99", "0.02529"]], "ts": "1742561029920", "timestamp": 1742561030.726772}
{"asks": [["83788.34", "1.856716"], ["83788.35", "0.315169"], ["83790", "0.002000"], ["83794.3", "0.06276"], ["83794.31", "0.209200"], ["83796.64", "0.475553"], ["83796.65", "1.584187"], ["83797.52", "0.00099"], ["83800.32", "0.000083"], ["83800.39", "0.057951"], ["83802.69", "0.209200"], ["83804.38", "0.073027"], ["83805.82", "0.035952"], ["83806.24", "0.11987"], ["83807.51", "0.035961"], ["83807.7", "0.012050"], ["83807.92", "0.006356"], ["83808.08", "0.006356"], ["83808.53", "0.006356"], ["83809.24", "0.010984"], ["83809.68", "0.006356"], ["83810.03", "0.055163"], ["83810.3", "0.006356"], ["83810.37", "0.006356"], ["83810.52", "0.016429"], ["83810.99", "0.012712"], ["83811.36", "0.016429"], ["83811.41", "0.006356"], ["83811.43", "0.006356"], ["83811.71", "0.119883"], ["83812.19", "0.017512"], ["83812.94", "0.006357"], ["83813.22", "0.010985"], ["83813.87", "0.00999"], ["83814.53", "0.131084"], ["83814.54", "0.209200"], ["83815.08", "0.11985"], ["83815.59", "0.18291"], ["83815.82", "0.119858"], ["83815.96", "0.119867"], ["83816.22", "0.015895"], ["83816.74", "0.009989"], ["83817.21", "0.068"], ["83820", "0.002000"], ["83820.51", "0.015892"], ["83821.15", "0.010988"], ["83822.92", "0.209200"], ["83824.44", "0.728130"], ["83824.45", "3.724554"], ["83826.6", "0.001037"], ["83828.6", "0.001171"], ["83830.1", "0.013482"], ["83830.6", "0.002894"], ["83831.3", "0.209200"], ["83832.6", "0.007615"], ["83833.98", "0.7157"], ["83834.6", "0.020038"], ["83836.6", "0.052733"], ["83838.6", "0.138772"], ["83840.6", "0.365188"], ["83840.73", "0.001598"], ["83842.31", "0.001597"], ["83842.6", "0.961020"], ["83844.6", "2.529001"], ["83844.97", "0.209200"], ["83846.6", "6.655266"], ["83846.7", "0.030330"], ["83846.8", "2.324940"], ["83847", "0.058380"], ["83847.4", "0.056670"], ["83847.7", "0.012150"], ["83848", "0.849150"], ["83848.1", "0.066090"], ["83849.7", "0.009000"], ["83849.9", "0.089550"], ["83850", "0.090900"], ["83850.1", "0.055560"], ["83850.2", "0.029070"], ["83850.3", "0.071610"], ["83850.8", "0.015000"], ["83851.2", "0.341160"], ["83851.3", "1.659480"], ["83851.4", "0.093780"], ["83851.6", "0.012150"], ["83851.8", "0.008460"], ["83852", "0.204600"], ["83852.1", "0.056460"], ["83852.3", "0.066330"], ["83852.7", "0.716280"], ["83852.9", "0.240000"], ["83853", "0.132180"], ["83853.3", "0.035790"], ["83853.35", "0.209200"], ["83853.78", "0.232068"], ["83854.47", "1.788813"], ["83878.01", "0.209200"], ["83880", "0.002000"], ["83886.05", "0.001810"], ["83886.39", "0.209200"], ["83888.5", "4.000233"]], "bids": [["83788.33", "0.58222500"], ["83787.79", "0.462922"], ["83784.92", "0.009594"], ["83784.89", "0.01"], ["83783.86", "0.012138"], ["83783.35", "0.008616"], ["83783.34", "0.009405"], ["83783.31", "0.009204"], ["83783.2", "0.005621"], ["83783.19", "0.006314"], ["83782.7", "0.001037"], ["83782.32", "0.029478"], ["83780.77", "0.009906"], ["83780.76", "0.005609"], ["83780.7", "0.001020"], ["83780.69", "0.010042"], ["83779.14", "0.00894"], ["83779.09", "0.008754"], ["83778.7", "0.001112"], ["83778.24", "0.001790"], ["83776.72", "0.063426"], ["83776.7", "0.002926"], ["83776.36", "0.209200"], ["83774.7", "0.007700"], ["83774.47", "0.089947"], ["83774.46", "0.180697"], ["83772.7", "0.020463"], ["83771.24", "0.00733"], ["83771.22", "0.009243"], ["83771.19", "0.006915"], ["83771.17", "0.007255"], ["83771.14", "0.007785"], ["83771.06", "0.007476"], ["83771.05", "0.009772"], ["83771.01", "0.007823"], ["83770.7", "0.053849"], ["83768.7", "0.141709"], ["83768.46", "0.010069"], ["83768.43", "0.015154"], ["83768.35", "0.008457"], ["83768.34", "0.007192"], ["83768.33", "0.005957"], ["83768.18", "0.008043"], ["83768.14", "0.006495"], ["83768.11", "0.008296"], ["83768", "0.0476"], ["83767.99", "0.276205"], ["83767.98", "1.129569"], ["83767.97", "0.011938"], ["83767.94", "0.209200"], ["83767.1", "3.002632"], ["83766.7", "0.372918"], ["83766.5", "0.008088"], ["83765.6", "0.089778"], ["83765.18", "0.2484"], ["83764.71", "1.144753"], ["83764.7", "0.981363"], ["83764.68", "0.00403"], ["83764.09", "0.008123"], ["83764", "0.000015"], ["83763.97", "0.00507"], ["83763.95", "0.092509"], ["83763.91", "0.00514"], ["83763.88", "0.008572"], ["83763.51", "0.017875"], ["83763.34", "0.018315"], ["83763.11", "0.005966"], ["83763", "0.000015"], ["83762.7", "2.582536"], ["83762.6", "0.264840"], ["83762.5", "0.001050"], ["83762.3", "0.424590"], ["83762", "0.000015"], ["83761.94", "0.007155"], ["83761.65", "0.055838"], ["83761.58", "0.017159"], ["83761.35", "0.014166"], ["83761.34", "0.010381"], ["83761.1", "0.785940"], ["83761.08", "0.028959"], ["83761", "0.000015"], ["83760.86", "0.007364"], ["83760.6", "0.22562"], ["83760.55", "0.016993"], ["83760.25", "0.025267"], ["83760", "0.000611"], ["83759.99", "0.017408"], ["83759.97", "0.008212"], ["83759.56", "0.209200"], ["83759", "0.071730"], ["83758.9", "0.210180"], ["83758.76", "0.052134"], ["83758.72", "0.315140"], ["83758.48", "0.012697"], ["83758.27", "0.024788"], ["83758.2", "0.167910"], ["83758.1", "11.277540"], ["83758", "38.206800"], ["83757.8", "0.523080"], ["83757.74", "0.018578"]], "ts": "1742561130030", "timestamp": 1742561130.349292}
{"asks": [["83783.01", "1.472939"], ["83785", "0.066448"], ["83785.01", "0.209200"], ["83787.01", "0.012293"], ["83791", "0.004058"], ["83791.01", "0.013527"], ["83792.59", "0.556957"], ["83792.6", "1.585249"], ["83794.14", "0.265450"], ["83798.44", "0.148098"], ["83798.45", "0.524227"], ["83799.15", "0.013467"], ["83799.69", "0.119883"], ["83799.83", "0.035952"], ["83800.1", "0.065871"], ["83800.11", "0.11987"], ["83801.14", "0.010985"], ["83801.41", "0.035961"], ["83801.79", "0.006356"], ["83802", "0.006356"], ["83802.99", "0.00999"], ["83803.16", "0.006356"], ["83803.74", "0.010984"], ["83803.89", "0.006356"], ["83804.06", "0.006356"], ["83804.19", "0.006899"], ["83804.2", "0.011066"], ["83804.42", "0.006356"], ["83804.59", "0.009989"], ["83804.71", "0.119867"], ["83804.88", "0.006356"], ["83804.93", "0.016429"], ["83805.32", "0.006356"], ["83805.4", "0.006356"], ["83805.6", "0.006356"], ["83805.94", "0.016429"], ["83806.24", "0.017513"], ["83806.85", "0.006357"], ["83807.85", "0.188579"], ["83808.36", "0.015892"], ["83808.61", "0.164037"], ["83808.62", "0.119850"], ["83809.61", "0.119858"], ["83809.63", "0.010988"], ["83810.81", "0.015895"], ["83811.29", "0.209200"], ["83811.41", "0.071"], ["83814.4", "0.001019"], ["83816.4", "0.001033"], ["83818.4", "0.002747"], ["83820", "0.2094770000000000"], ["83820.4", "0.007230"], ["83820.95", "0.490873"], ["83820.96", "3.724736"], ["83821.79", "0.715804"], ["83822.4", "0.019027"], ["83824.4", "0.050071"], ["83826.4", "0.131766"], ["83826.99", "0.023856"], ["83827.2", "0.000958"], ["83828.4", "0.346751"], ["83830.2", "0.018899"], ["83830.4", "0.912504"], ["83831.3", "0.209200"], ["83832.4", "2.401324"], ["83834.39", "0.072998"], ["83834.4", "6.319276"], ["83834.5", "0.517440"], ["83834.6", "0.006030"], ["83835", "0.001021"], ["83835.1", "0.205041"], ["83836", "0.001049"], ["83836.02", "0.001598"], ["83836.1", "0.034260"], ["83838.1", "0.742920"], ["83838.43", "0.001597"], ["83838.5", "0.716610"], ["83838.6", "0.022740"], ["83839.4", "0.716430"], ["83840", "0.179250"], ["83840.2", "0.716430"], ["83841.1", "0.035790"], ["83841.9", "0.953220"], ["83842", "0.430920"], ["83842.4", "0.120780"], ["83842.6", "0.006000"], ["83842.8", "1.359000"], ["83843.7", "0.537540"], ["83844", "0.120000"], ["83844.97", "0.209200"], ["83845.1", "0.250140"], ["83845.2", "0.120000"], ["83845.3", "0.252000"], ["83845.7", "0.012630"], ["83846.3", "0.329580"], ["83846.6", "0.144000"], ["83846.9", "0.124320"], ["83846.92", "1.788974"], ["83847", "0.044310"], ["83847.3", "0.008640"]], "bids": [["83783", "0.584952"], ["83782", "0.000032"], ["83781", "0.000032"], ["83780", "0.000032"], ["83779.68", "0.013461"], ["83779.41", "0.044741"], ["83779.11", "0.011138"], ["83779", "0.000032"], ["83778.24", "0.001790"], ["83778", "0.000032"], ["83777.23", "0.034399"], ["83777", "0.000032"], ["83776", "0.000032"], ["83775.54", "0.000266"], ["83775", "0.000032"], ["83774.62", "0.209200"], ["83774", "0.000032"], ["83773", "0.000032"], ["83772", "0.000032"], ["83771", "0.000032"], ["83770.5", "0.001016"], ["83770", "0.000032"], ["83769", "0.000032"], ["83768.5", "0.015343"], ["83768.49", "0.009401"], ["83768.47", "0.008615"], ["83768.45", "0.00562"], ["83768.44", "0.009202"], ["83768.29", "0.006312"], ["83768", "0.000032"], ["83767.99", "0.000954"], ["83767", "0.000032"], ["83766.5", "0.001545"], ["83766.02", "0.009902"], ["83766.01", "0.005607"], ["83766", "0.000032"], ["83765.96", "0.004848"], ["83765.93", "0.913939"], ["83765.92", "0.005192"], ["83765", "0.000032"], ["83764.5", "0.004066"], ["83764.27", "0.008936"], ["83764.26", "0.008753"], ["83764", "0.000032"], ["83763", "0.000032"], ["83762.5", "0.010700"], ["83762.35", "3.002793"], ["83762", "0.000032"], ["83761", "0.000032"], ["83760.5", "0.028158"], ["83760", "0.002628"], ["83759.62", "0.089784"], ["83759.57", "0.162397"], ["83759.56", "0.209200"], ["83759.06", "0.248416"], ["83759", "0.000032"], ["83758.5", "0.074100"], ["83758.01", "0.40988"], ["83758", "0.000032"], ["83757.85", "0.084221"], ["83757.75", "0.005966"], ["83757.49", "0.158055"], ["83757.39", "0.017877"], ["83757.26", "0.018316"], ["83757", "0.000032"], ["83756.5", "0.195001"], ["83756.16", "0.055842"], ["83756", "0.000032"], ["83755.97", "0.01716"], ["83755.5", "0.028961"], ["83755.49", "0.0002"], ["83755.46", "0.007155"], ["83755.17", "0.007969"], ["83755", "0.000032"], ["83754.99", "0.007364"], ["83754.84", "0.025269"], ["83754.72", "0.019101"], ["83754.68", "0.011359"], ["83754.63", "0.007253"], ["83754.6", "0.007783"], ["83754.56", "0.009241"], ["83754.55", "0.00977"], ["83754.54", "0.006914"], ["83754.5", "0.513159"], ["83754.48", "0.011241"], ["83754.47", "0.007821"], ["83754.45", "0.009024"], ["83754", "0.000032"], ["83753.96", "0.008212"], ["83753.88", "0.017409"], ["83753.32", "0.008295"], ["83753.31", "0.006204"], ["83753", "0.000032"], ["83752.51", "1.226825"], ["83752.5", "1.350419"], ["83752.39", "0.012698"], ["83752", "0.000032"], ["83751.79", "0.014228"], ["83751.71", "0.010065"], ["83751.65", "0.014507"]], "ts": "1742561183004", "timestamp": 1742561183.570871}
{"asks": [["83842.75", "0.587463"], ["83842.76", "0.000100"], ["83842.77", "0.0001"], ["83842.78", "0.0001"], ["83844.32", "0.141622"], ["83844.33", "0.103258"], ["83849.56", "0.005048"], ["83849.99", "0.014828"], ["83850", "0.002000"], ["83851.62", "0.005823"], ["83851.67", "0.00099"], ["83853.34", "0.06276"], ["83853.35", "0.209200"], ["83857.16", "0.478597"], ["83857.17", "1.595322"], ["83860.28", "0.157233"], ["83860.29", "0.314909"], ["83861.74", "0.209200"], ["83863.34", "0.035952"], ["83863.63", "0.048394"], ["83863.88", "0.11987"], ["83864.98", "0.035961"], ["83865.44", "0.006356"], ["83865.61", "0.006356"], ["83865.85", "0.006356"], ["83867.03", "0.010984"], ["83867.15", "0.006356"], ["83867.47", "0.006356"], ["83867.85", "0.016429"], ["83867.91", "0.006356"], ["83868.37", "0.006356"], ["83868.41", "0.006356"], ["83868.68", "0.07133"], ["83868.71", "0.016429"], ["83868.79", "0.119883"], ["83868.83", "0.006356"], ["83868.85", "0.006356"], ["83870.35", "0.010985"], ["83870.5", "0.006357"], ["83871.2", "0.0714"], ["83871.25", "0.00999"], ["83871.79", "0.133377"], ["83872.11", "0.11985"], ["83873.08", "0.119858"], ["83873.42", "0.119867"], ["83873.58", "0.015895"], ["83873.82", "0.009989"], ["83877.73", "0.015892"], ["83878", "0.06276"], ["83878.01", "0.209200"], ["83878.54", "0.010988"], ["83879.71", "0.620685"], ["83879.72", "3.722233"], ["83879.89", "0.013470"], ["83880", "0.002000"], ["83880.26", "0.017498"], ["83886.39", "0.209200"], ["83886.7", "0.001013"], ["83888.7", "0.001018"], ["83890.7", "0.001813"], ["83892.7", "0.004771"], ["83894.06", "0.715187"], ["83894.6", "0.000958"], ["83894.7", "0.012556"], ["83896.7", "0.033040"], ["83896.81", "0.209200"], ["83897.3", "0.010010"], ["83897.41", "0.001598"], ["83898.7", "0.086819"], ["83898.99", "0.001597"], ["83900", "0.000113"], ["83900.7", "0.228471"], ["83902.5", "0.205041"], ["83902.7", "0.601381"], ["83904.28", "1.787751"], ["83904.7", "1.582582"], ["83905.19", "0.209200"], ["83906.7", "4.164689"], ["83906.8", "0.272130"], ["83906.9", "0.048330"], ["83907.1", "0.038190"], ["83907.2", "0.487290"], ["83907.6", "0.036900"], ["83908", "0.084600"], ["83908.3", "0.048060"], ["83908.4", "0.066120"], ["83909.07", "0.243592"], ["83909.6", "0.008460"], ["83910", "0.121140"], ["83910.4", "0.071190"], ["83910.7", "0.024780"], ["83910.9", "0.015000"], ["83911.4", "0.036900"], ["83911.6", "0.037800"], ["83912", "0.084600"], ["83912.1", "0.041880"], ["83912.3", "0.028800"], ["83913.7", "0.961950"], ["83914", "0.007050"], ["83914.2", "0.715770"]], "bids": [["83842.74", "1.52129200"], ["83842.7", "0.001022"], ["83841.09", "0.044652"], ["83841.07", "0.054927"], ["83840.7", "0.001269"], ["83838.7", "0.003339"], ["83838.2", "0.140425"], ["83837.72", "0.005606"], ["83837.62", "0.009399"], ["83837.6", "0.005618"], ["83837.59", "0.009198"], ["83837.57", "0.008609"], ["83837.52", "0.00631"], ["83836.7", "0.008788"], ["83836.66", "0.006447"], ["83836.61", "0.968689"], ["83836.6", "0.008747"], ["83835.05", "3.002405"], ["83834.91", "0.004846"], ["83834.9", "0.209200"], ["83834.89", "0.009897"], ["83834.83", "0.005189"], ["83834.7", "0.023127"], ["83834", "0.008934"], ["83832.71", "0.051081"], ["83832.7", "0.060745"], ["83830.7", "0.159855"], ["83828.71", "0.435453"], ["83828.7", "0.420669"], ["83826.7", "1.107026"], ["83826.54", "0.013703"], ["83825.95", "0.007251"], ["83825.62", "0.019101"], ["83824.7", "2.913224"], ["83824.42", "1.216056"], ["83823.51", "0.014797"], ["83823.48", "0.006912"], ["83823.46", "0.009765"], ["83823.45", "0.009236"], ["83823.43", "0.007781"], ["83823.39", "0.003766"], ["83823.09", "0.098013"], ["83822.8", "0.248239"], ["83822.7", "7.666381"], ["83822.6", "0.001004"], ["83822.5", "0.001080"], ["83822.4", "0.006060"], ["83822.3", "0.435000"], ["83822.25", "0.007819"], ["83822.1", "0.974460"], ["83822.02", "0.008451"], ["83821.99", "0.008553"], ["83821.98", "0.005952"], ["83821.96", "0.006598"], ["83821.93", "0.007187"], ["83821.9", "2.362290"], ["83821.86", "0.014529"], ["83821.77", "0.315018"], ["83821.42", "0.008081"], ["83821.38", "0.084161"], ["83821.01", "0.017864"], ["83821", "0.006060"], ["83820.94", "0.010062"], ["83820.84", "0.018303"], ["83820.6", "0.179250"], ["83820.41", "0.005962"], ["83820", "0.084600"], ["83819.99", "0.209200"], ["83819.41", "0.055802"], ["83819.4", "0.236010"], ["83819.19", "0.004028"], ["83819.03", "0.017148"], ["83819.01", "0.00715"], ["83819", "0.071880"], ["83818.89", "0.008289"], ["83818.77", "0.005135"], ["83818.44", "0.007359"], ["83818.38", "0.028941"], ["83818.1", "0.022740"], ["83818", "0.084780"], ["83817.94", "0.009018"], ["83817.9", "0.007964"], ["83817.64", "0.225474"], ["83817.57", "0.025251"], ["83817.37", "0.017396"], ["83817.35", "0.008206"], ["83816.5", "1.290510"], ["83816.35", "0.008118"], ["83816.3", "0.008565"], ["83816.24", "0.005066"], ["83816", "0.084600"], ["83815.86", "0.0521"], ["83815.07", "0.018566"], ["83814.86", "0.017498"], ["83814.4", "0.065610"], ["83814.3", "4.035360"], ["83814.09", "0.269083"], ["83814", "0.204600"], ["83813.7", "0.072480"], ["83813.1", "0.153580"]], "ts": "1742561258675", "timestamp": 1742561258.707573}
{"asks": [["84018.04", "0.828679"], ["84018.05", "0.0001"], ["84018.06", "0.0001"], ["84019.75", "0.091523"], ["84023.71", "0.459221"], ["84023.72", "1.530738"], ["84027.46", "0.000205"], ["84027.47", "0.314288"], ["84028.16", "0.004025"], ["84028.88", "0.489896"], ["84028.89", "0.139543"], ["84028.92", "0.017068"], ["84028.93", "0.040457"], ["84028.99", "0.259932"], ["84029", "0.024922"], ["84029.08", "0.005949"], ["84029.1", "0.247899"], ["84029.12", "0.017824"], ["84029.15", "0.036223"], ["84029.2", "0.007102"], ["84029.23", "0.012663"], ["84029.24", "0.073097"], ["84029.27", "0.296827"], ["84029.28", "0.112039"], ["84029.99", "0.013685"], ["84030", "0.002"], ["84030.65", "0.209200"], ["84031.11", "0.116555"], ["84033.18", "0.008276"], ["84034.49", "0.018374"], ["84034.5", "0.061245"], ["84040.39", "0.072432"], ["84040.4", "0.209200"], ["84042.74", "0.006357"], ["84043.89", "0.006357"], ["84044.54", "0.00999"], ["84044.9", "0.105958"], ["84044.99", "0.1379"], ["84045.89", "0.006357"], ["84046.8", "0.11985"], ["84047.81", "0.119858"], ["84048.91", "0.015895"], ["84050.4", "0.887332"], ["84050.41", "0.209200"], ["84050.91", "0.009989"], ["84051.31", "3.714629"], ["84051.72", "0.017459"], ["84051.82", "0.010988"], ["84052.91", "0.001907"], ["84052.92", "0.006356"], ["84059.5", "0.00466"], ["84059.51", "0.013532"], ["84060", "0.002000"], ["84061.3", "0.001031"], ["84063.3", "0.713747"], ["84064.41", "0.209200"], ["84065.3", "0.002825"], ["84066.07", "0.056474"], ["84066.08", "0.183619"], ["84066.2", "0.000958"], ["84067.3", "0.007433"], ["84069.3", "0.019562"], ["84071.3", "0.051479"], ["84071.56", "0.000142"], ["84072.72", "0.061897"], ["84072.73", "0.197513"], ["84073.3", "0.135471"], ["84075.3", "0.356501"], ["84076.4", "0.001598"], ["84076.98", "0.209200"], ["84077.3", "0.938161"], ["84077.88", "0.001598"], ["84079.3", "2.468846"], ["84080", "0.000355"], ["84080.61", "0.000276"], ["84081.3", "6.496961"], ["84081.4", "0.001010"], ["84081.5", "0.066360"], ["84081.6", "0.019620"], ["84081.7", "0.919320"], ["84081.9", "0.960420"], ["84082", "0.052740"], ["84082.1", "0.069720"], ["84082.4", "0.040680"], ["84083.5", "0.038640"], ["84084.8", "0.028350"], ["84084.9", "0.100890"], ["84085.3", "0.028260"], ["84085.5", "1.208640"], ["84085.6", "0.092460"], ["84085.8", "0.051030"], ["84085.9", "0.053280"], ["84086", "2.400240"], ["84086.1", "0.084600"], ["84086.2", "0.025110"], ["84086.3", "0.132480"], ["84086.4", "0.066300"], ["84086.61", "0.209200"], ["84087.5", "0.027720"], ["84088.3", "0.071670"]], "bids": [["84018.03", "1.671594"], ["84018.02", "0.169956"], ["84017.2", "0.001013"], ["84015.2", "0.001044"], ["84014.82", "0.004345"], ["84013.34", "0.12191"], ["84013.33", "0.237128"], ["84013.2", "0.001425"], ["84012.83", "0.061009"], ["84012.54", "0.016564"], ["84011.2", "0.003752"], ["84009.21", "0.006151"], ["84009.2", "0.009874"], ["84007.2", "0.025982"], ["84005.21", "1.114136"], ["84005.2", "0.068375"], ["84004.44", "2.994258"], ["84003.2", "0.179933"], ["84002.93", "0.20920000"], ["84001.2", "0.473508"], ["84000.01", "0.014799"], ["83999.4", "0.018620"], ["83999.2", "1.246074"], ["83997.41", "0.061257"], ["83997.2", "3.279143"], ["83997.1", "0.001050"], ["83997", "0.001015"], ["83996.8", "0.001027"], ["83996.4", "1.056180"], ["83996.34", "0.006564"], ["83996.3", "2.357400"], ["83996.2", "0.200095"], ["83995.9", "0.084810"], ["83995.36", "0.008066"], ["83994.3", "0.008191"], ["83994.2", "0.630210"], ["83994.1", "0.022770"], ["83994.01", "0.314285"], ["83993.92", "0.015337"], ["83993.91", "0.008255"], ["83993.9", "0.084600"], ["83993.85", "0.009316"], ["83993.82", "0.009793"], ["83993.5", "0.077580"], ["83993.3", "0.006030"], ["83993.26", "0.015668"], ["83993.25", "0.018575"], ["83993.23", "0.006522"], ["83993.22", "0.029337"], ["83993.21", "0.008597"], ["83993.2", "0.005939"], ["83993.18", "0.006592"], ["83993.15", "0.009224"], ["83992.9", "0.144210"], ["83992.16", "0.008999"], ["83992.1", "0.022740"], ["83991.9", "0.084600"], ["83991.1", "0.120000"], ["83991.01", "0.047600"], ["83991", "0.209200"], ["83990.7", "5.240070"], ["83990.5", "0.358590"], ["83990.3", "0.120000"], ["83990.2", "0.120000"], ["83990.1", "0.120000"], ["83990", "0.000032"], ["83989.9", "0.084600"], ["83989.58", "0.021141"], ["83989.2", "0.091230"], ["83989.1", "0.437310"], ["83989", "0.000032"], ["83988.81", "0.000152"], ["83988.8", "0.634050"], ["83988.7", "1.350000"], ["83988.66", "0.268521"], ["83988.4", "0.120000"], ["83988.25", "0.018528"], ["83988", "0.072690"], ["83987.92", "0.076153"], ["83987.9", "0.084600"], ["83987.8", "0.120000"], ["83987.66", "0.222789"], ["83987.56", "0.012445"], ["83987.3", "0.069990"], ["83987", "0.000032"], ["83986.8", "0.005175"], ["83986.78", "0.009883"], ["83986.77", "0.013429"], ["83986.75", "0.008548"], ["83986.74", "0.012955"], ["83986.73", "0.005606"], ["83986.7", "0.005057"], ["83986.18", "0.017459"], ["83986.14", "0.008768"], ["83986.12", "0.010352"], ["83986.04", "0.008924"], ["83986", "0.000032"], ["83985", "0.000032"], ["83984.43", "0.714418"], ["83984", "0.000032"]], "ts": "1742569695490", "timestamp": 1742569696.1334982}
{"asks": [["84060", "1.518796"], ["84060.01", "0.000100"], ["84060.02", "0.0001"], ["84060.03", "0.0001"], ["84067.9", "0.024922"], ["84067.96", "0.372799"], ["84067.97", "0.062888"], ["84067.98", "0.100687"], ["84067.99", "0.017068"], ["84068", "0.144856"], ["84068.06", "0.006136"], ["84068.07", "0.005949"], ["84068.08", "0.028882"], ["84068.1", "0.007341"], ["84068.14", "0.013376"], ["84068.18", "0.08979"], ["84068.22", "0.01823"], ["84068.27", "0.016425"], ["84068.28", "0.259932"], ["84068.31", "0.247899"], ["84068.32", "0.231051"], ["84068.4", "0.016113"], ["84068.57", "0.008276"], ["84068.96", "0.004025"], ["84071.56", "0.000142"], ["84072.18", "0.470996"], ["84072.19", "1.530738"], ["84073.94", "0.156987"], ["84073.95", "0.314090"], ["84076", "0.006357"], ["84076.98", "0.209200"], ["84077.02", "0.006357"], ["84078.22", "0.084509"], ["84078.78", "0.00999"], ["84079.88", "0.006357"], ["84080", "0.000355"], ["84080.19", "0.11985"], ["84080.61", "0.000276"], ["84081.05", "0.119858"], ["84081.13", "0.015895"], ["84081.39", "0.009989"], ["84082.95", "0.013532"], ["84083.41", "0.006356"], ["84083.61", "0.019746"], ["84083.78", "0.017452"], ["84084.27", "0.060256"], ["84086.6", "0.10074"], ["84086.61", "0.209200"], ["84088.94", "0.1416"], ["84090", "0.002000"], ["84091.62", "0.010988"], ["84092.92", "0.183773"], ["84095.01", "0.063233"], ["84095.02", "0.209200"], ["84098.1", "0.001015"], ["84100.1", "0.001648"], ["84101.07", "0.884593"], ["84101.08", "3.712322"], ["84101.2", "0.000958"], ["84102.1", "0.004321"], ["84103.46", "0.001598"], ["84104.1", "0.011373"], ["84106.1", "0.029927"], ["84108.1", "0.078757"], ["84109.18", "0.713358"], ["84109.6", "0.001598"], ["84110.08", "0.028266"], ["84110.1", "0.207254"], ["84111.59", "0.004167"], ["84111.6", "0.209200"], ["84112.1", "0.545407"], ["84114.1", "1.435281"], ["84116.1", "3.777054"], ["84118.1", "9.939617"], ["84118.2", "5.396190"], ["84118.4", "0.001046"], ["84118.6", "0.006060"], ["84119.2", "0.216390"], ["84119.5", "2.356290"], ["84119.8", "0.025530"], ["84120", "0.211200"], ["84120.1", "0.084600"], ["84120.8", "0.090000"], ["84120.9", "0.492000"], ["84121.76", "0.200342"], ["84121.8", "0.070140"], ["84121.9", "0.000124"], ["84122", "0.536700"], ["84122.1", "30.128190"], ["84122.3", "0.015000"], ["84122.4", "0.143400"], ["84122.6", "0.012780"], ["84123.1", "0.017820"], ["84123.2", "0.114870"], ["84123.3", "0.142680"], ["84123.4", "0.144000"], ["84123.7", "0.120000"], ["84124.2", "1.006770"], ["84124.3", "0.043620"], ["84124.5", "0.015000"]], "bids": [["84059.99", "0.595598"], ["84059.48", "0.202499"], ["84057.34", "0.039284"], ["84054.27", "0.015097"], ["84053.9", "0.001000"], ["84053.78", "0.017846"], ["84051.9", "0.001043"], ["84051.59", "0.063071"], ["84051.58", "0.209200"], ["84049.9", "0.001036"], ["84048.27", "0.009588"], ["84048.19", "0.006966"], ["84047.9", "0.001091"], ["84047.88", "0.035645"], ["84047.87", "0.116378"], ["84045.9", "0.002199"], ["84045.84", "0.000205"], ["84043.9", "0.005786"], ["84043.01", "0.085633"], ["84043", "0.209572"], ["84042", "0.000015"], ["84041.9", "0.015227"], ["84041.09", "0.060502"], ["84041", "0.000015"], ["84040", "0.000015"], ["84039.9", "0.040069"], ["84039", "0.000015"], ["84038", "0.000015"], ["84037.9", "0.105446"], ["84037.5", "0.178317"], ["84037.49", "0.314079"], ["84037", "0.000015"], ["84036", "0.000015"], ["84035.9", "0.277490"], ["84035.01", "0.014161"], ["84035", "0.000015"], ["84034.59", "0.209200"], ["84034", "0.000015"], ["84033.91", "0.292612"], ["84033.9", "0.730236"], ["84033.8", "0.006660"], ["84033.7", "0.001024"], ["84033.4", "0.220710"], ["84033", "0.000015"], ["84032.46", "0.008251"], ["84032.31", "0.006561"], ["84032", "2.356560"], ["84031.5", "0.305940"], ["84031", "0.291990"], ["84030.7", "0.008061"], ["84030.3", "0.072600"], ["84030", "0.002015"], ["84029", "0.000015"], ["84028.78", "0.007562"], ["84028.72", "0.024896"], ["84028.69", "0.007376"], ["84028.64", "0.009789"], ["84028", "0.000015"], ["84027.9", "0.022800"], ["84027.78", "0.005592"], ["84027.71", "0.008468"], ["84027.67", "0.005935"], ["84027.62", "0.008015"], ["84027.59", "0.00719"], ["84027.56", "0.010046"], ["84027.55", "0.015928"], ["84027.54", "0.014821"], ["84027.52", "0.008591"], ["84027.51", "0.006587"], ["84027.41", "0.009217"], ["84027.08", "0.018620"], ["84027", "0.000015"], ["84026.6", "0.138600"], ["84026.18", "0.209200"], ["84026.16", "0.706489"], ["84026.15", "0.714063"], ["84026", "0.000015"], ["84025.7", "0.133560"], ["84025.6", "0.009000"], ["84025.42", "0.008187"], ["84025.4", "0.008995"], ["84025.23", "0.013532"], ["84025", "0.000015"], ["84024.9", "0.781230"], ["84024.28", "2.993653"], ["84024", "0.004410"], ["84023.9", "0.099780"], ["84023.8", "0.072840"], ["84023.6", "0.012660"], ["84023", "0.000015"], ["84022.46", "0.018518"], ["84022.03", "0.268387"], ["84022", "0.536700"], ["84021.9", "0.084600"], ["84021.67", "0.00512"], ["84021.63", "0.004853"], ["84021.61", "0.023593"], ["84021.58", "0.005602"], ["84021.53", "0.013355"], ["84021.41", "0.008095"]], "ts": "1742569755437", "timestamp": 1742569756.5225751}
