{"e":"depthUpdate","E":1741265936061,"s":"UNIUSDT","U":6697010159,"u":6697010336,"b":[["7.36600000","0.00000000"],["7.36500000","0.00000000"],["7.36400000","209.11000000"],["7.36300000","2.38000000"],["7.36200000","330.97000000"],["7.36100000","162.65000000"],["7.36000000","425.42000000"],["7.35900000","259.29000000"],["7.35800000","467.69000000"],["7.35700000","1052.89000000"],["7.35600000","1231.85000000"],["7.35500000","1070.49000000"],["7.35400000","388.62000000"],["7.35200000","661.82000000"],["7.35100000","428.22000000"],["7.35000000","3581.04000000"],["7.34900000","1132.19000000"],["7.34700000","552.07000000"],["7.34500000","558.36000000"],["7.34400000","219.01000000"],["7.34300000","659.76000000"],["7.34200000","638.13000000"],["7.29000000","15.05000000"],["7.28900000","18.86000000"],["7.27400000","13.72000000"]],"a":[["7.36500000","866.50000000"],["7.36600000","451.02000000"],["7.36700000","658.87000000"],["7.36800000","1066.61000000"],["7.36900000","588.32000000"],["7.37000000","474.05000000"],["7.37100000","885.94000000"],["7.37200000","1658.83000000"],["7.37500000","3522.75000000"],["7.37600000","933.76000000"],["7.37800000","857.07000000"],["7.38300000","1129.70000000"],["7.44100000","1.38000000"],["7.44200000","728.65000000"]]}
{"e":"depthUpdate","E":1741265947061,"s":"UNIUSDT","U":6697011571,"u":6697011599,"b":[["7.35800000","325.25000000"],["7.35700000","323.87000000"],["7.35600000","127.87000000"],["7.35000000","2382.49000000"],["7.33600000","199.19000000"],["7.27800000","57.60000000"]],"a":[["7.36100000","180.14000000"],["7.36200000","419.28000000"],["7.36300000","705.95000000"],["7.36400000","1340.92000000"],["7.36700000","1188.39000000"],["7.37200000","1540.09000000"],["7.38200000","717.11000000"],["7.38800000","3227.32000000"],["7.39400000","162.63000000"],["7.43500000","108.28000000"]]}
{"e":"depthUpdate","E":1741265955061,"s":"UNIUSDT","U":6697012363,"u":6697012410,"b":[["7.36400000","135.79000000"],["7.36100000","205.59000000"],["7.36000000","353.59000000"],["7.35700000","1097.09000000"],["7.35600000","615.03000000"],["7.35500000","800.66000000"],["7.35400000","483.67000000"],["7.35300000","796.10000000"]],"a":[["7.36500000","334.86000000"],["7.36600000","486.16000000"],["7.36700000","357.28000000"],["7.36800000","629.22000000"],["7.36900000","1227.05000000"],["7.37000000","2026.12000000"],["7.37100000","926.83000000"],["7.37200000","2068.51000000"],["7.37300000","1779.05000000"],["7.37400000","3212.59000000"],["7.37700000","1880.29000000"]]}
{"e":"depthUpdate","E":1741266000061,"s":"UNIUSDT","U":6697014834,"u":6697014881,"b":[["7.35800000","191.27000000"],["7.35600000","257.61000000"],["7.35500000","457.25000000"],["7.35400000","499.26000000"],["7.35000000","964.60000000"],["7.34900000","541.24000000"],["7.34800000","1368.54000000"],["7.34700000","840.89000000"],["7.34000000","773.41000000"],["7.33600000","416.42000000"],["7.33500000","394.68000000"],["7.33400000","353.47000000"]],"a":[["7.35900000","286.87000000"],["7.36000000","666.18000000"],["7.36100000","621.24000000"],["7.36200000","949.38000000"],["7.36300000","1333.32000000"],["7.36400000","903.41000000"],["7.36600000","1270.26000000"],["7.36800000","2513.23000000"],["7.36900000","551.86000000"],["7.37000000","551.41000000"],["7.37500000","2336.16000000"],["7.43500000","108.28000000"],["7.43600000","485.94000000"]]}
{"e":"depthUpdate","E":1741266009061,"s":"UNIUSDT","U":6697015982,"u":6697016083,"b":[["7.36200000","255.23000000"],["7.36100000","218.42000000"],["7.36000000","193.34000000"],["7.35900000","307.27000000"],["7.35800000","309.66000000"],["7.35700000","573.94000000"],["7.35600000","641.49000000"],["7.35500000","536.94000000"],["7.35200000","2152.51000000"],["7.35100000","2792.81000000"],["7.34300000","679.92000000"],["7.34200000","418.31000000"],["7.34100000","69.64000000"],["7.34000000","705.00000000"],["7.29700000","1422.31000000"],["7.29500000","214.73000000"],["7.28600000","467.13000000"],["7.28500000","412.80000000"],["7.28200000","419.51000000"]],"a":[["7.36300000","806.92000000"],["7.36400000","445.27000000"],["7.36500000","549.69000000"],["7.36600000","644.44000000"],["7.36700000","1632.30000000"],["7.36900000","458.13000000"],["7.37100000","2169.99000000"],["7.37700000","2596.27000000"],["7.37800000","1645.86000000"],["7.37900000","798.91000000"],["7.38100000","364.24000000"],["7.38400000","763.96000000"],["7.43800000","1.36000000"]]}
{"e":"depthUpdate","E":1741266015061,"s":"UNIUSDT","U":6697016399,"u":6697016473,"b":[["7.36200000","193.61000000"],["7.36100000","372.69000000"],["7.36000000","496.34000000"],["7.35800000","931.32000000"],["7.35600000","1550.76000000"],["7.35200000","2008.14000000"],["7.34300000","253.17000000"],["7.34000000","727.74000000"],["7.33300000","2932.65000000"]],"a":[["7.36400000","112.37000000"],["7.36500000","87.08000000"],["7.36600000","206.40000000"],["7.36700000","730.46000000"],["7.36800000","841.57000000"],["7.36900000","674.24000000"],["7.37000000","970.87000000"],["7.37100000","2245.58000000"],["7.37200000","1572.48000000"],["7.37300000","1729.56000000"],["7.37500000","1487.92000000"],["7.37700000","2315.17000000"],["7.37800000","1572.08000000"],["7.37900000","815.50000000"],["7.38200000","968.94000000"],["7.38300000","1346.61000000"]]}
{"e":"depthUpdate","E":1741266023061,"s":"UNIUSDT","U":6697016916,"u":6697016950,"b":[["7.36500000","411.52000000"],["7.36200000","265.09000000"],["7.36100000","493.99000000"],["7.35900000","1286.16000000"],["7.35800000","1705.49000000"],["7.35700000","1010.95000000"],["7.35600000","1824.32000000"],["7.34900000","1628.09000000"],["7.34500000","374.55000000"],["7.34400000","514.82000000"]],"a":[["7.36700000","1.36000000"],["7.36800000","339.81000000"],["7.36900000","715.78000000"],["7.37000000","607.19000000"],["7.37100000","1212.78000000"],["7.37400000","2537.69000000"],["7.37500000","1862.74000000"],["7.37600000","2006.85000000"]]}
{"e":"depthUpdate","E":1741266361061,"s":"UNIUSDT","U":6697046158,"u":6697046283,"b":[["7.34400000","207.19000000"],["7.34300000","67.35000000"],["7.34200000","311.57000000"],["7.34100000","221.61000000"],["7.34000000","335.47000000"],["7.33900000","376.02000000"],["7.33800000","652.86000000"],["7.32400000","314.59000000"],["7.31700000","166.74000000"]],"a":[["7.34400000","0.00000000"],["7.34500000","879.26000000"],["7.34600000","318.20000000"],["7.34700000","319.43000000"],["7.34800000","238.57000000"],["7.34900000","1521.66000000"],["7.35000000","2517.92000000"],["7.35100000","548.11000000"],["7.35300000","1591.25000000"],["7.35400000","1367.53000000"],["7.36000000","3021.86000000"],["7.37100000","441.73000000"],["7.42000000","4.52000000"]]}
{"e":"depthUpdate","E":1741266368061,"s":"UNIUSDT","U":6697046784,"u":6697046881,"b":[["7.34100000","1.37000000"],["7.34000000","138.41000000"],["7.33900000","82.57000000"],["7.33800000","281.57000000"],["7.33700000","395.60000000"],["7.33600000","470.36000000"],["7.33500000","1534.66000000"],["7.33400000","1372.73000000"],["7.33200000","500.42000000"],["7.32900000","1322.85000000"],["7.32500000","1496.15000000"],["7.32300000","697.04000000"],["7.32100000","744.10000000"],["7.32000000","501.48000000"],["7.31100000","124.50000000"],["7.26200000","6.23000000"],["7.11600000","0.00000000"]],"a":[["7.34200000","339.09000000"],["7.34300000","539.96000000"],["7.34400000","513.51000000"],["7.34500000","1051.12000000"],["7.34600000","592.72000000"],["7.34700000","1282.13000000"],["7.34800000","740.06000000"],["7.34900000","847.71000000"],["7.35000000","1411.48000000"],["7.35100000","1160.73000000"],["7.35900000","742.50000000"],["7.36000000","1008.96000000"],["7.36300000","145.36000000"]]}
{"e":"depthUpdate","E":1741266377061,"s":"UNIUSDT","U":6697047639,"u":6697047822,"b":[["7.34300000","483.16000000"],["7.34200000","482.49000000"],["7.34100000","325.17000000"],["7.34000000","460.46000000"],["7.33900000","795.61000000"],["7.33800000","829.72000000"],["7.33700000","727.80000000"],["7.33600000","617.90000000"],["7.33500000","1251.94000000"],["7.33400000","1052.20000000"],["7.33300000","821.01000000"],["7.33200000","233.33000000"],["7.33000000","1926.61000000"],["7.32900000","1219.48000000"],["7.32800000","1630.22000000"],["7.32700000","1582.38000000"],["7.32500000","816.24000000"],["7.32400000","318.85000000"],["7.32300000","192.03000000"],["7.31700000","166.74000000"],["7.28300000","606.36000000"],["7.27700000","137.14000000"],["7.26600000","51.33000000"],["7.26500000","28.48000000"],["7.26300000","1.78000000"]],"a":[["7.34200000","0.00000000"],["7.34300000","0.00000000"],["7.34400000","2.19000000"],["7.34500000","2.58000000"],["7.34600000","469.16000000"],["7.34700000","394.33000000"],["7.34800000","345.37000000"],["7.34900000","822.98000000"],["7.35000000","1569.60000000"],["7.35100000","751.99000000"],["7.35200000","1235.62000000"],["7.35300000","2242.31000000"],["7.35400000","1525.57000000"],["7.35500000","777.81000000"],["7.35800000","1205.68000000"],["7.35900000","890.37000000"],["7.36000000","1368.73000000"],["7.36100000","788.80000000"],["7.36200000","794.60000000"],["7.36300000","364.30000000"],["7.36700000","540.76000000"],["7.36900000","197.82000000"],["7.37000000","2.47000000"],["7.38400000","558.36000000"],["7.39300000","404.78000000"],["7.41800000","1.37000000"],["7.41900000","109.66000000"]]}
{"e":"depthUpdate","E":1741266522061,"s":"UNIUSDT","U":6697061482,"u":6697061572,"b":[["7.35200000","254.35000000"],["7.35100000","327.87000000"],["7.35000000","571.83000000"],["7.34900000","171.03000000"],["7.34700000","1154.98000000"],["7.34600000","2050.54000000"],["7.34500000","1716.72000000"],["7.34400000","289.67000000"],["7.34200000","1123.20000000"],["7.33900000","320.28000000"],["7.33700000","997.47000000"],["7.33500000","1543.70000000"],["7.33300000","56.40000000"],["7.33100000","484.54000000"],["7.33000000","231.56000000"],["7.32400000","3920.41000000"],["7.32000000","560.30000000"],["7.25500000","33.41000000"]],"a":[["7.35300000","54.00000000"],["7.35400000","316.82000000"],["7.35500000","452.20000000"],["7.35600000","399.91000000"],["7.35700000","482.93000000"],["7.35800000","2612.03000000"],["7.35900000","3523.20000000"],["7.39100000","3.20000000"],["7.39700000","476.60000000"],["7.40500000","3.30000000"],["7.41100000","456.43000000"],["7.44900000","71.11000000"]]}
{"e":"depthUpdate","E":1741266685061,"s":"UNIUSDT","U":6697071763,"u":6697071781,"b":[["7.35200000","147.65000000"],["7.35100000","417.37000000"],["7.35000000","760.26000000"],["7.34900000","485.60000000"],["7.34800000","574.74000000"],["7.34300000","2578.31000000"],["7.28900000","721.69000000"]],"a":[["7.35300000","56.19000000"],["7.36100000","1329.77000000"],["7.36800000","2309.71000000"]]}
{"e":"depthUpdate","E":1741266694061,"s":"UNIUSDT","U":6697071899,"u":6697071901,"b":[["7.35100000","418.23000000"],["7.35000000","767.06000000"],["7.28900000","720.86000000"]],"a":[]}
{"e":"depthUpdate","E":1741266703061,"s":"UNIUSDT","U":6697072077,"u":6697072105,"b":[["7.35200000","247.74000000"],["7.35100000","350.00000000"],["7.34400000","1987.15000000"]],"a":[["7.35300000","0.82000000"],["7.35400000","62.09000000"],["7.35500000","454.92000000"],["7.35600000","740.05000000"],["7.35700000","1032.21000000"],["7.35800000","1367.36000000"],["7.35900000","1416.64000000"],["7.44900000","71.11000000"]]}
