{"time": "2025-03-22 03:44:59.507424", "type": "buy", "price": 83873.63, "volume": 0.14828, "exchange": "bitget", "pair": "BTCUSDT", "inventory": {"Fund": {"USD": 9987563.2181436}, "BTCUSDT": 0.14828}}
{"time": "2025-03-22 03:44:59.507424", "type": "sell", "price": 83868.8, "volume": 0.0, "exchange": "binance", "pair": "BTCUSDT", "inventory": {"Fund": {"USD": 9987563.2181436}, "BTCUSDT": 0.14828}}
{"time": "2025-03-22 03:45:04.735496", "type": "buy", "price": 83871.84, "volume": 7.81169, "exchange": "bitget", "pair": "BTCUSDT", "inventory": {"Fund": {"USD": 9332382.404334}, "BTCUSDT": 7.959969999999999}}
{"time": "2025-03-22 03:45:04.735496", "type": "sell", "price": 83856.0, "volume": 0.045835, "exchange": "binance", "pair": "BTCUSDT", "inventory": {"Fund": {"USD": 9336225.944093999}, "BTCUSDT": 7.914134999999999}}
{"time": "2025-03-22 03:45:09.910640", "type": "buy", "price": 83883.23, "volume": 9.00011, "exchange": "bitget", "pair": "BTCUSDT", "inventory": {"Fund": {"USD": 8581267.646938698}, "BTCUSDT": 16.914244999999998}}
{"time": "2025-03-22 03:45:09.910640", "type": "sell", "price": 83849.52, "volume": 0.557526, "exchange": "binance", "pair": "BTCUSDT", "inventory": {"Fund": {"USD": 8628015.934426218}, "BTCUSDT": 16.356719}}
{"time": "2025-03-22 03:48:34.669672", "type": "buy", "price": 83951.29, "volume": 5.07594, "exchange": "bitget", "pair": "BTCUSDT", "inventory": {"Fund": {"USD": 8201884.223463618}, "BTCUSDT": 21.432658999999997}}
{"time": "2025-03-22 03:48:34.669672", "type": "sell", "price": 83930.98, "volume": 0.002966, "exchange": "binance", "pair": "BTCUSDT", "inventory": {"Fund": {"USD": 8202133.162750298}, "BTCUSDT": 21.429692999999997}}
{"time": "2025-03-22 03:48:35.711677", "type": "buy", "price": 83951.29, "volume": 4.29868, "exchange": "bitget", "pair": "BTCUSDT", "inventory": {"Fund": {"USD": 7841253.431453099}, "BTCUSDT": 25.728372999999998}}
{"time": "2025-03-22 03:48:35.711677", "type": "sell", "price": 83943.1, "volume": 0.063272, "exchange": "binance", "pair": "BTCUSDT", "inventory": {"Fund": {"USD": 7846564.679276299}, "BTCUSDT": 25.665100999999996}}
{"time": "2025-03-22 03:48:36.732133", "type": "buy", "price": 83951.29, "volume": 3.22851, "exchange": "bitget", "pair": "BTCUSDT", "inventory": {"Fund": {"USD": 7575527.099998399}, "BTCUSDT": 28.893610999999996}}
{"time": "2025-03-22 03:48:36.732133", "type": "sell", "price": 83928.37, "volume": 1.069237, "exchange": "binance", "pair": "BTCUSDT", "inventory": {"Fund": {"USD": 7665266.418552089}, "BTCUSDT": 27.824373999999995}}
{"time": "2025-03-22 03:48:37.789716", "type": "buy", "price": 83951.29, "volume": 2.59836, "exchange": "bybit", "pair": "BTCUSDT", "inventory": {"Fund": {"USD": 7447130.744667688}, "BTCUSDT": 30.422733999999995}}
{"time": "2025-03-22 03:48:37.789716", "type": "sell", "price": 83949.6, "volume": 0.156982, "exchange": "binance", "pair": "BTCUSDT", "inventory": {"Fund": {"USD": 7460309.320774889}, "BTCUSDT": 30.265751999999996}}
{"time": "2025-03-22 03:48:38.809030", "type": "buy", "price": 83951.29, "volume": 3.08261, "exchange": "bitget", "pair": "BTCUSDT", "inventory": {"Fund": {"USD": 7201520.234707989}, "BTCUSDT": 33.348361999999995}}
{"time": "2025-03-22 03:48:38.809030", "type": "sell", "price": 83928.38, "volume": 0.001149, "exchange": "binance", "pair": "BTCUSDT", "inventory": {"Fund": {"USD": 7201616.668416609}, "BTCUSDT": 33.347212999999996}}
{"time": "2025-03-22 03:48:39.840732", "type": "buy", "price": 83951.29, "volume": 3.16454, "exchange": "bitget", "pair": "BTCUSDT", "inventory": {"Fund": {"USD": 6935949.453160009}, "BTCUSDT": 36.511753}}
{"time": "2025-03-22 03:48:39.840732", "type": "sell", "price": 83928.37, "volume": 1.070826, "exchange": "binance", "pair": "BTCUSDT", "inventory": {"Fund": {"USD": 7025822.13389363}, "BTCUSDT": 35.440927}}
{"time": "2025-03-22 03:48:40.872484", "type": "buy", "price": 83951.29, "volume": 2.81523, "exchange": "bitget", "pair": "BTCUSDT", "inventory": {"Fund": {"USD": 6789479.94374693}, "BTCUSDT": 38.256157}}
{"time": "2025-03-22 03:48:40.872484", "type": "sell", "price": 83928.39, "volume": 0.036485, "exchange": "binance", "pair": "BTCUSDT", "inventory": {"Fund": {"USD": 6792542.07105608}, "BTCUSDT": 38.219672}}
{"time": "2025-03-22 03:48:41.901321", "type": "buy", "price": 83951.29, "volume": 2.78825, "exchange": "bitget", "pair": "BTCUSDT", "inventory": {"Fund": {"USD": 6558464.88671358}, "BTCUSDT": 41.007922}}
{"time": "2025-03-22 03:48:41.901321", "type": "sell", "price": 83928.37, "volume": 1.070451, "exchange": "binance", "pair": "BTCUSDT", "inventory": {"Fund": {"USD": 6648306.09430845}, "BTCUSDT": 39.937471}}
{"time": "2025-03-22 03:48:42.945040", "type": "buy", "price": 83951.29, "volume": 2.60495, "exchange": "bybit", "pair": "BTCUSDT", "inventory": {"Fund": {"USD": 6429617.18142295}, "BTCUSDT": 42.542421000000004}}
{"time": "2025-03-22 03:48:42.945040", "type": "sell", "price": 83949.6, "volume": 0.524879, "exchange": "binance", "pair": "BTCUSDT", "inventory": {"Fund": {"USD": 6473680.56352135}, "BTCUSDT": 42.017542000000006}}
{"time": "2025-03-22 03:48:43.991335", "type": "buy", "price": 83951.29, "volume": 2.58566, "exchange": "bitget", "pair": "BTCUSDT", "inventory": {"Fund": {"USD": 6256611.071019949}, "BTCUSDT": 44.603202}}
{"time": "2025-03-22 03:48:43.991335", "type": "sell", "price": 83935.97, "volume": 0.0, "exchange": "binance", "pair": "BTCUSDT", "inventory": {"Fund": {"USD": 6256611.071019949}, "BTCUSDT": 44.603202}}
{"time": "2025-03-22 03:48:45.040957", "type": "buy", "price": 83951.29, "volume": 2.58566, "exchange": "bitget", "pair": "BTCUSDT", "inventory": {"Fund": {"USD": 6039541.578518549}, "BTCUSDT": 47.188862}}
{"time": "2025-03-22 03:48:45.040957", "type": "sell", "price": 83935.97, "volume": 0.0, "exchange": "binance", "pair": "BTCUSDT", "inventory": {"Fund": {"USD": 6039541.578518549}, "BTCUSDT": 47.188862}}
{"time": "2025-03-22 03:48:46.102612", "type": "buy", "price": 83951.29, "volume": 4.41362, "exchange": "bybit", "pair": "BTCUSDT", "inventory": {"Fund": {"USD": 5669012.485948749}, "BTCUSDT": 51.602482}}
{"time": "2025-03-22 03:48:46.102612", "type": "sell", "price": 83949.9, "volume": 0.023363, "exchange": "binance", "pair": "BTCUSDT", "inventory": {"Fund": {"USD": 5670973.807462449}, "BTCUSDT": 51.579119}}
{"time": "2025-03-22 03:48:47.147538", "type": "buy", "price": 83951.29, "volume": 4.22587, "exchange": "bitget", "pair": "BTCUSDT", "inventory": {"Fund": {"USD": 5316206.569590149}, "BTCUSDT": 55.804989}}
{"time": "2025-03-22 03:48:47.147538", "type": "sell", "price": 83928.37, "volume": 1.068563, "exchange": "binance", "pair": "BTCUSDT", "inventory": {"Fund": {"USD": 5405889.320422459}, "BTCUSDT": 54.736426}}
{"time": "2025-03-22 03:48:48.196433", "type": "buy", "price": 83951.29, "volume": 3.13919, "exchange": "bitget", "pair": "BTCUSDT", "inventory": {"Fund": {"USD": 5142350.27036736}, "BTCUSDT": 57.875616}}
{"time": "2025-03-22 03:48:48.196433", "type": "sell", "price": 83928.38, "volume": 0.000804, "exchange": "binance", "pair": "BTCUSDT", "inventory": {"Fund": {"USD": 5142417.74878488}, "BTCUSDT": 57.874812}}
{"time": "2025-03-22 03:48:49.241789", "type": "buy", "price": 83951.29, "volume": 2.67629, "exchange": "bitget", "pair": "BTCUSDT", "inventory": {"Fund": {"USD": 4917739.75087078}, "BTCUSDT": 60.551102}}
{"time": "2025-03-22 03:48:49.241789", "type": "sell", "price": 83938.19, "volume": 0.0, "exchange": "binance", "pair": "BTCUSDT", "inventory": {"Fund": {"USD": 4917739.75087078}, "BTCUSDT": 60.551102}}
{"time": "2025-03-22 03:48:50.287478", "type": "buy", "price": 83953.1, "volume": 0.463737, "exchange": "bitget", "pair": "BTCUSDT", "inventory": {"Fund": {"USD": 4878807.59213608}, "BTCUSDT": 61.014839}}
{"time": "2025-03-22 03:48:50.287478", "type": "sell", "price": 83928.37, "volume": 0.463737, "exchange": "bybit", "pair": "BTCUSDT", "inventory": {"Fund": {"USD": 4917728.282654771}, "BTCUSDT": 60.551102}}
