{"time": "2025-03-22 19:34:47.855151", "type": "buy", "price": 84315.63, "volume": 4.33608, "exchange": "bitget", "pair": "BTCUSDT", "inventory": {"Fund": {"USD": 9634400.6830696}, "BTCUSDT": 4.33608}}
{"time": "2025-03-22 19:34:47.855151", "type": "sell", "price": 84314.22, "volume": 0.0, "exchange": "binance", "pair": "BTCUSDT", "inventory": {"Fund": {"USD": 9634400.6830696}, "BTCUSDT": 4.33608}}
{"time": "2025-03-22 19:34:52.960062", "type": "buy", "price": 84297.74, "volume": 1.36198, "exchange": "bybit", "pair": "BTCUSDT", "inventory": {"Fund": {"USD": 9519588.8471444}, "BTCUSDT": 5.69806}}
{"time": "2025-03-22 19:34:52.960062", "type": "sell", "price": 84295.4, "volume": 0.106476, "exchange": "binance", "pair": "BTCUSDT", "inventory": {"Fund": {"USD": 9528564.2841548}, "BTCUSDT": 5.591584}}
{"time": "2025-03-22 19:35:51.342407", "type": "buy", "price": 84297.18, "volume": 0.039532, "exchange": "bybit", "pair": "BTCUSDT", "inventory": {"Fund": {"USD": 9525231.848035041}, "BTCUSDT": 5.6311160000000005}}
{"time": "2025-03-22 19:35:51.342407", "type": "sell", "price": 84290.1, "volume": 0.039532, "exchange": "bitget", "pair": "BTCUSDT", "inventory": {"Fund": {"USD": 9528564.004268242}, "BTCUSDT": 5.591584}}
{"time": "2025-03-22 19:35:56.465114", "type": "sell", "price": 84292.01, "volume": 5.591584, "exchange": "binance", "pair": "BTCUSDT", "inventory": {"Fund": {"USD": 9999889.858712083}, "BTCUSDT": 0.0}}
{"time": "2025-03-22 19:36:01.550790", "type": "buy", "price": 84288.95, "volume": 0.039536, "exchange": "bybit", "pair": "BTCUSDT", "inventory": {"Fund": {"USD": 9996557.410784883}, "BTCUSDT": 0.039536}}
{"time": "2025-03-22 19:36:01.550790", "type": "sell", "price": 84284.1, "volume": 0.039536, "exchange": "bitget", "pair": "BTCUSDT", "inventory": {"Fund": {"USD": 9999889.666962484}, "BTCUSDT": 0.0}}
{"time": "2025-03-22 19:36:06.657744", "type": "buy", "price": 84291.29, "volume": 0.039535, "exchange": "binance", "pair": "BTCUSDT", "inventory": {"Fund": {"USD": 9996557.210812334}, "BTCUSDT": 0.039535}}
{"time": "2025-03-22 19:36:06.657744", "type": "sell", "price": 84284.21, "volume": 0.039535, "exchange": "bitget", "pair": "BTCUSDT", "inventory": {"Fund": {"USD": 9999889.387054684}, "BTCUSDT": 0.0}}
{"time": "2025-03-22 19:36:16.817264", "type": "buy", "price": 84290.43, "volume": 0.039537, "exchange": "binance", "pair": "BTCUSDT", "inventory": {"Fund": {"USD": 9996556.796323774}, "BTCUSDT": 0.039537}}
{"time": "2025-03-22 19:36:16.817264", "type": "sell", "price": 84281.35, "volume": 0.039537, "exchange": "bitget", "pair": "BTCUSDT", "inventory": {"Fund": {"USD": 9999889.028058724}, "BTCUSDT": 0.0}}
{"time": "2025-03-22 19:36:21.923182", "type": "buy", "price": 84281.34, "volume": 1.53085, "exchange": "bybit", "pair": "BTCUSDT", "inventory": {"Fund": {"USD": 9870866.938719725}, "BTCUSDT": 1.53085}}
{"time": "2025-03-22 19:36:21.923182", "type": "sell", "price": 84273.8, "volume": 0.000153, "exchange": "binance", "pair": "BTCUSDT", "inventory": {"Fund": {"USD": 9870879.832611125}, "BTCUSDT": 1.530697}}
{"time": "2025-03-22 19:36:26.984149", "type": "buy", "price": 84281.34, "volume": 2.47398, "exchange": "bybit", "pair": "BTCUSDT", "inventory": {"Fund": {"USD": 9662369.483077925}, "BTCUSDT": 4.004677}}
{"time": "2025-03-22 19:36:26.984149", "type": "sell", "price": 84276.4, "volume": 0.008109, "exchange": "binance", "pair": "BTCUSDT", "inventory": {"Fund": {"USD": 9663052.880405525}, "BTCUSDT": 3.996568}}
{"time": "2025-03-22 19:41:09.974898", "type": "buy", "price": 84281.34, "volume": 2.01467, "exchange": "bybit", "pair": "BTCUSDT", "inventory": {"Fund": {"USD": 9493253.793147724}, "BTCUSDT": 6.0112380000000005}}
{"time": "2025-03-22 19:41:09.974898", "type": "sell", "price": 84250.3, "volume": 0.06285, "exchange": "binance", "pair": "BTCUSDT", "inventory": {"Fund": {"USD": 9498548.924502725}, "BTCUSDT": 5.9483880000000005}}
{"time": "2025-03-22 19:41:15.181975", "type": "buy", "price": 84262.0, "volume": 0.786882, "exchange": "binance", "pair": "BTCUSDT", "inventory": {"Fund": {"USD": 9432244.673418725}, "BTCUSDT": 6.735270000000001}}
{"time": "2025-03-22 19:41:15.181975", "type": "sell", "price": 84250.47, "volume": 0.786882, "exchange": "bitget", "pair": "BTCUSDT", "inventory": {"Fund": {"USD": 9498539.851753265}, "BTCUSDT": 5.9483880000000005}}
{"time": "2025-03-22 19:59:32.456515", "type": "buy", "price": 84237.15, "volume": 0.81307, "exchange": "binance", "pair": "BTCUSDT", "inventory": {"Fund": {"USD": 9430049.152202765}, "BTCUSDT": 6.761458}}
{"time": "2025-03-22 19:59:32.456515", "type": "sell", "price": 84248.69, "volume": 0.81307, "exchange": "bitget", "pair": "BTCUSDT", "inventory": {"Fund": {"USD": 9498549.234581064}, "BTCUSDT": 5.9483880000000005}}
{"time": "2025-03-22 19:59:37.559918", "type": "buy", "price": 84237.15, "volume": 0.051131, "exchange": "bybit", "pair": "BTCUSDT", "inventory": {"Fund": {"USD": 9494242.104864415}, "BTCUSDT": 5.999519}}
{"time": "2025-03-22 19:59:37.559918", "type": "sell", "price": 84250.0, "volume": 0.051131, "exchange": "bitget", "pair": "BTCUSDT", "inventory": {"Fund": {"USD": 9498549.891614415}, "BTCUSDT": 5.9483880000000005}}
{"time": "2025-03-22 19:59:42.649815", "type": "buy", "price": 84237.15, "volume": 0.051131, "exchange": "bybit", "pair": "BTCUSDT", "inventory": {"Fund": {"USD": 9494242.761897765}, "BTCUSDT": 5.999519}}
{"time": "2025-03-22 19:59:42.649815", "type": "sell", "price": 84250.0, "volume": 0.051131, "exchange": "bitget", "pair": "BTCUSDT", "inventory": {"Fund": {"USD": 9498550.548647765}, "BTCUSDT": 5.9483880000000005}}
{"time": "2025-03-22 20:03:57.802058", "type": "buy", "price": 84212.18, "volume": 2.74429, "exchange": "binance", "pair": "BTCUSDT", "inventory": {"Fund": {"USD": 9267447.905195566}, "BTCUSDT": 8.692678}}
{"time": "2025-03-22 20:03:57.802058", "type": "sell", "price": 84224.95, "volume": 0.934352, "exchange": "bitget", "pair": "BTCUSDT", "inventory": {"Fund": {"USD": 9346143.655677967}, "BTCUSDT": 7.758326000000001}}
{"time": "2025-03-22 20:04:02.935272", "type": "buy", "price": 84212.23, "volume": 3.39457, "exchange": "binance", "pair": "BTCUSDT", "inventory": {"Fund": {"USD": 9060279.346086867}, "BTCUSDT": 11.152896000000002}}
{"time": "2025-03-22 20:04:02.935272", "type": "sell", "price": 84224.95, "volume": 0.091928, "exchange": "bitget", "pair": "BTCUSDT", "inventory": {"Fund": {"USD": 9068021.977290466}, "BTCUSDT": 11.060968000000003}}
{"time": "2025-03-22 20:04:08.055629", "type": "buy", "price": 84212.19, "volume": 2.98223, "exchange": "binance", "pair": "BTCUSDT", "inventory": {"Fund": {"USD": 8816881.857906766}, "BTCUSDT": 14.043198000000002}}
{"time": "2025-03-22 20:04:08.055629", "type": "sell", "price": 84224.95, "volume": 0.00024, "exchange": "bitget", "pair": "BTCUSDT", "inventory": {"Fund": {"USD": 8816902.071894767}, "BTCUSDT": 14.042958000000002}}
{"time": "2025-03-22 20:04:13.168565", "type": "buy", "price": 84224.96, "volume": 0.080262, "exchange": "bybit", "pair": "BTCUSDT", "inventory": {"Fund": {"USD": 8810142.008155247}, "BTCUSDT": 14.123220000000002}}
{"time": "2025-03-22 20:04:13.168565", "type": "sell", "price": 84227.4, "volume": 0.080262, "exchange": "binance", "pair": "BTCUSDT", "inventory": {"Fund": {"USD": 8816902.267734047}, "BTCUSDT": 14.042958000000002}}
{"time": "2025-03-22 20:04:18.228970", "type": "buy", "price": 84212.62, "volume": 2.762895, "exchange": "bybit", "pair": "BTCUSDT", "inventory": {"Fund": {"USD": 8584231.640999148}, "BTCUSDT": 16.805853000000003}}
{"time": "2025-03-22 20:04:18.228970", "type": "sell", "price": 84229.0, "volume": 0.052915, "exchange": "bitget", "pair": "BTCUSDT", "inventory": {"Fund": {"USD": 8588688.618534148}, "BTCUSDT": 16.752938000000004}}
{"time": "2025-03-22 20:34:20.522235", "type": "sell", "price": 84211.25, "volume": 3.70469, "exchange": "binance", "pair": "BTCUSDT", "inventory": {"Fund": {"USD": 8900665.194296647}, "BTCUSDT": 13.048248000000005}}
{"time": "2025-03-22 20:34:22.288814", "type": "buy", "price": 84202.14, "volume": 0.038164, "exchange": "bitget", "pair": "BTCUSDT", "inventory": {"Fund": {"USD": 8897451.703825686}, "BTCUSDT": 13.086412000000005}}
{"time": "2025-03-22 20:34:22.288814", "type": "sell", "price": 84211.36, "volume": 0.038164, "exchange": "binance", "pair": "BTCUSDT", "inventory": {"Fund": {"USD": 8900665.546168726}, "BTCUSDT": 13.048248000000005}}
{"time": "2025-03-22 20:34:24.033849", "type": "buy", "price": 84202.14, "volume": 0.038164, "exchange": "bitget", "pair": "BTCUSDT", "inventory": {"Fund": {"USD": 8897452.055697765}, "BTCUSDT": 13.086412000000005}}
{"time": "2025-03-22 20:34:24.033849", "type": "sell", "price": 84211.44, "volume": 0.038164, "exchange": "binance", "pair": "BTCUSDT", "inventory": {"Fund": {"USD": 8900665.901093924}, "BTCUSDT": 13.048248000000005}}
{"time": "2025-03-22 20:34:25.773031", "type": "buy", "price": 84202.14, "volume": 0.038164, "exchange": "bitget", "pair": "BTCUSDT", "inventory": {"Fund": {"USD": 8897452.410622964}, "BTCUSDT": 13.086412000000005}}
{"time": "2025-03-22 20:34:25.773031", "type": "sell", "price": 84211.5, "volume": 0.038164, "exchange": "binance", "pair": "BTCUSDT", "inventory": {"Fund": {"USD": 8900666.258308964}, "BTCUSDT": 13.048248000000005}}
{"time": "2025-03-22 20:34:27.507264", "type": "sell", "price": 84203.61, "volume": 1.6697, "exchange": "binance", "pair": "BTCUSDT", "inventory": {"Fund": {"USD": 9041261.025925964}, "BTCUSDT": 11.378548000000004}}
{"time": "2025-03-22 20:34:29.270156", "type": "sell", "price": 84203.61, "volume": 1.6697, "exchange": "binance", "pair": "BTCUSDT", "inventory": {"Fund": {"USD": 9181855.793542964}, "BTCUSDT": 9.708848000000003}}
{"time": "2025-03-22 20:34:30.990781", "type": "buy", "price": 84202.14, "volume": 0.038164, "exchange": "bitget", "pair": "BTCUSDT", "inventory": {"Fund": {"USD": 9178642.303072004}, "BTCUSDT": 9.747012000000003}}
{"time": "2025-03-22 20:34:30.990781", "type": "sell", "price": 84211.62, "volume": 0.038164, "exchange": "binance", "pair": "BTCUSDT", "inventory": {"Fund": {"USD": 9181856.155337684}, "BTCUSDT": 9.708848000000003}}
{"time": "2025-03-22 20:34:32.724248", "type": "sell", "price": 84212.04, "volume": 3.07677, "exchange": "binance", "pair": "BTCUSDT", "inventory": {"Fund": {"USD": 9440957.233648485}, "BTCUSDT": 6.6320780000000035}}
{"time": "2025-03-22 20:34:34.438660", "type": "buy", "price": 84195.77, "volume": 0.224437, "exchange": "bybit", "pair": "BTCUSDT", "inventory": {"Fund": {"USD": 9422060.587616995}, "BTCUSDT": 6.8565150000000035}}
{"time": "2025-03-22 20:34:34.438660", "type": "sell", "price": 84200.0, "volume": 0.224437, "exchange": "binance", "pair": "BTCUSDT", "inventory": {"Fund": {"USD": 9440958.183016995}, "BTCUSDT": 6.6320780000000035}}
{"time": "2025-03-22 20:34:36.154230", "type": "sell", "price": 84206.22, "volume": 4.86987, "exchange": "binance", "pair": "BTCUSDT", "inventory": {"Fund": {"USD": 9851031.527608395}, "BTCUSDT": 1.7622080000000038}}
{"time": "2025-03-22 20:34:37.884686", "type": "sell", "price": 84206.22, "volume": 1.7622080000000038, "exchange": "binance", "pair": "BTCUSDT", "inventory": {"Fund": {"USD": 9999420.402142154}, "BTCUSDT": 0.0}}
{"time": "2025-03-22 20:34:41.342052", "type": "buy", "price": 84195.77, "volume": 0.033388, "exchange": "bybit", "pair": "BTCUSDT", "inventory": {"Fund": {"USD": 9996609.273773395}, "BTCUSDT": 0.033388}}
{"time": "2025-03-22 20:34:41.342052", "type": "sell", "price": 84197.2, "volume": 0.033388, "exchange": "binance", "pair": "BTCUSDT", "inventory": {"Fund": {"USD": 9999420.449886994}, "BTCUSDT": 0.0}}
{"time": "2025-03-22 20:34:43.067302", "type": "buy", "price": 84195.77, "volume": 0.737973, "exchange": "bitget", "pair": "BTCUSDT", "inventory": {"Fund": {"USD": 9937286.244912785}, "BTCUSDT": 0.737973}}
{"time": "2025-03-22 20:34:43.067302", "type": "sell", "price": 84210.0, "volume": 0.737973, "exchange": "binance", "pair": "BTCUSDT", "inventory": {"Fund": {"USD": 9999430.951242784}, "BTCUSDT": 0.0}}
{"time": "2025-03-22 20:34:48.217395", "type": "buy", "price": 84195.77, "volume": 0.208384, "exchange": "bybit", "pair": "BTCUSDT", "inventory": {"Fund": {"USD": 9981885.899907105}, "BTCUSDT": 0.208384}}
{"time": "2025-03-22 20:34:48.217395", "type": "sell", "price": 84200.0, "volume": 0.208384, "exchange": "binance", "pair": "BTCUSDT", "inventory": {"Fund": {"USD": 9999431.832707105}, "BTCUSDT": 0.0}}
{"time": "2025-03-22 20:34:49.946806", "type": "buy", "price": 84195.77, "volume": 0.208384, "exchange": "bybit", "pair": "BTCUSDT", "inventory": {"Fund": {"USD": 9981886.781371426}, "BTCUSDT": 0.208384}}
{"time": "2025-03-22 20:34:49.946806", "type": "sell", "price": 84200.0, "volume": 0.208384, "exchange": "binance", "pair": "BTCUSDT", "inventory": {"Fund": {"USD": 9999432.714171426}, "BTCUSDT": 0.0}}
{"time": "2025-03-22 20:34:51.666836", "type": "buy", "price": 84195.77, "volume": 0.208384, "exchange": "bybit", "pair": "BTCUSDT", "inventory": {"Fund": {"USD": 9981887.662835747}, "BTCUSDT": 0.208384}}
{"time": "2025-03-22 20:34:51.666836", "type": "sell", "price": 84200.0, "volume": 0.208384, "exchange": "binance", "pair": "BTCUSDT", "inventory": {"Fund": {"USD": 9999433.595635748}, "BTCUSDT": 0.0}}
{"time": "2025-03-22 20:34:53.375636", "type": "buy", "price": 84195.77, "volume": 0.038166, "exchange": "bitget", "pair": "BTCUSDT", "inventory": {"Fund": {"USD": 9996220.179877928}, "BTCUSDT": 0.038166}}
{"time": "2025-03-22 20:34:53.375636", "type": "sell", "price": 84208.76, "volume": 0.038166, "exchange": "binance", "pair": "BTCUSDT", "inventory": {"Fund": {"USD": 9999434.091412088}, "BTCUSDT": 0.0}}
{"time": "2025-03-22 20:34:55.107219", "type": "buy", "price": 84190.55, "volume": 0.038168, "exchange": "bitget", "pair": "BTCUSDT", "inventory": {"Fund": {"USD": 9996220.706499688}, "BTCUSDT": 0.038168}}
{"time": "2025-03-22 20:34:55.107219", "type": "sell", "price": 84203.92, "volume": 0.038168, "exchange": "binance", "pair": "BTCUSDT", "inventory": {"Fund": {"USD": 9999434.601718249}, "BTCUSDT": 0.0}}
{"time": "2025-03-22 20:34:58.608511", "type": "buy", "price": 84190.55, "volume": 0.033413, "exchange": "bitget", "pair": "BTCUSDT", "inventory": {"Fund": {"USD": 9996621.542871099}, "BTCUSDT": 0.033413}}
{"time": "2025-03-22 20:34:58.608511", "type": "sell", "price": 84204.33, "volume": 0.033413, "exchange": "binance", "pair": "BTCUSDT", "inventory": {"Fund": {"USD": 9999435.062149389}, "BTCUSDT": 0.0}}
{"time": "2025-03-22 20:35:00.361295", "type": "buy", "price": 84190.55, "volume": 0.033413, "exchange": "bitget", "pair": "BTCUSDT", "inventory": {"Fund": {"USD": 9996622.003302239}, "BTCUSDT": 0.033413}}
{"time": "2025-03-22 20:35:00.361295", "type": "sell", "price": 84204.33, "volume": 0.033413, "exchange": "binance", "pair": "BTCUSDT", "inventory": {"Fund": {"USD": 9999435.522580529}, "BTCUSDT": 0.0}}
{"time": "2025-03-22 20:35:02.133672", "type": "buy", "price": 84190.55, "volume": 0.033413, "exchange": "bitget", "pair": "BTCUSDT", "inventory": {"Fund": {"USD": 9996622.463733379}, "BTCUSDT": 0.033413}}
{"time": "2025-03-22 20:35:02.133672", "type": "sell", "price": 84204.33, "volume": 0.033413, "exchange": "binance", "pair": "BTCUSDT", "inventory": {"Fund": {"USD": 9999435.983011669}, "BTCUSDT": 0.0}}
{"time": "2025-03-22 20:35:03.871106", "type": "buy", "price": 84190.55, "volume": 0.46926, "exchange": "bybit", "pair": "BTCUSDT", "inventory": {"Fund": {"USD": 9959928.725518668}, "BTCUSDT": 0.46926}}
{"time": "2025-03-22 20:35:03.871106", "type": "sell", "price": 84195.0, "volume": 0.46926, "exchange": "binance", "pair": "BTCUSDT", "inventory": {"Fund": {"USD": 9999438.071218668}, "BTCUSDT": 0.0}}
{"time": "2025-03-22 20:35:05.609998", "type": "buy", "price": 84190.55, "volume": 0.784245, "exchange": "bybit", "pair": "BTCUSDT", "inventory": {"Fund": {"USD": 9933412.053333918}, "BTCUSDT": 0.784245}}
{"time": "2025-03-22 20:35:05.609998", "type": "sell", "price": 84196.2, "volume": 0.784245, "exchange": "binance", "pair": "BTCUSDT", "inventory": {"Fund": {"USD": 9999442.502202917}, "BTCUSDT": 0.0}}
{"time": "2025-03-22 20:35:07.357532", "type": "buy", "price": 84190.55, "volume": 0.784245, "exchange": "bybit", "pair": "BTCUSDT", "inventory": {"Fund": {"USD": 9933416.484318167}, "BTCUSDT": 0.784245}}
{"time": "2025-03-22 20:35:07.357532", "type": "sell", "price": 84196.2, "volume": 0.784245, "exchange": "binance", "pair": "BTCUSDT", "inventory": {"Fund": {"USD": 9999446.933187166}, "BTCUSDT": 0.0}}
{"time": "2025-03-22 20:35:09.126531", "type": "buy", "price": 84190.55, "volume": 0.784245, "exchange": "bybit", "pair": "BTCUSDT", "inventory": {"Fund": {"USD": 9933420.915302416}, "BTCUSDT": 0.784245}}
{"time": "2025-03-22 20:35:09.126531", "type": "sell", "price": 84196.2, "volume": 0.784245, "exchange": "binance", "pair": "BTCUSDT", "inventory": {"Fund": {"USD": 9999451.364171416}, "BTCUSDT": 0.0}}
{"time": "2025-03-22 20:35:10.855417", "type": "buy", "price": 84190.55, "volume": 0.750408, "exchange": "bybit", "pair": "BTCUSDT", "inventory": {"Fund": {"USD": 9936274.101927016}, "BTCUSDT": 0.750408}}
{"time": "2025-03-22 20:35:10.855417", "type": "sell", "price": 84196.2, "volume": 0.750408, "exchange": "binance", "pair": "BTCUSDT", "inventory": {"Fund": {"USD": 9999455.603976617}, "BTCUSDT": 0.0}}
{"time": "2025-03-22 20:35:12.586189", "type": "buy", "price": 84190.55, "volume": 0.645876, "exchange": "bybit", "pair": "BTCUSDT", "inventory": {"Fund": {"USD": 9945078.948304817}, "BTCUSDT": 0.645876}}
{"time": "2025-03-22 20:35:12.586189", "type": "sell", "price": 84196.2, "volume": 0.645876, "exchange": "binance", "pair": "BTCUSDT", "inventory": {"Fund": {"USD": 9999459.253176017}, "BTCUSDT": 0.0}}
{"time": "2025-03-22 20:35:14.313216", "type": "buy", "price": 84190.55, "volume": 0.64533, "exchange": "bybit", "pair": "BTCUSDT", "inventory": {"Fund": {"USD": 9945128.565544516}, "BTCUSDT": 0.64533}}
{"time": "2025-03-22 20:35:14.313216", "type": "sell", "price": 84196.2, "volume": 0.64533, "exchange": "binance", "pair": "BTCUSDT", "inventory": {"Fund": {"USD": 9999462.899290515}, "BTCUSDT": 0.0}}
{"time": "2025-03-22 20:35:16.081050", "type": "buy", "price": 84190.55, "volume": 0.647111, "exchange": "bybit", "pair": "BTCUSDT", "inventory": {"Fund": {"USD": 9944982.268289465}, "BTCUSDT": 0.647111}}
{"time": "2025-03-22 20:35:16.081050", "type": "sell", "price": 84196.2, "volume": 0.647111, "exchange": "binance", "pair": "BTCUSDT", "inventory": {"Fund": {"USD": 9999466.555467665}, "BTCUSDT": 0.0}}
{"time": "2025-03-22 20:35:17.829372", "type": "buy", "price": 84190.55, "volume": 0.647111, "exchange": "bybit", "pair": "BTCUSDT", "inventory": {"Fund": {"USD": 9944985.924466616}, "BTCUSDT": 0.647111}}
{"time": "2025-03-22 20:35:17.829372", "type": "sell", "price": 84196.2, "volume": 0.647111, "exchange": "binance", "pair": "BTCUSDT", "inventory": {"Fund": {"USD": 9999470.211644815}, "BTCUSDT": 0.0}}
{"time": "2025-03-22 20:35:19.593401", "type": "buy", "price": 84190.55, "volume": 0.647111, "exchange": "bybit", "pair": "BTCUSDT", "inventory": {"Fund": {"USD": 9944989.580643766}, "BTCUSDT": 0.647111}}
{"time": "2025-03-22 20:35:19.593401", "type": "sell", "price": 84196.2, "volume": 0.647111, "exchange": "binance", "pair": "BTCUSDT", "inventory": {"Fund": {"USD": 9999473.867821965}, "BTCUSDT": 0.0}}
{"time": "2025-03-22 20:35:21.305426", "type": "buy", "price": 84190.55, "volume": 0.647111, "exchange": "bybit", "pair": "BTCUSDT", "inventory": {"Fund": {"USD": 9944993.236820916}, "BTCUSDT": 0.647111}}
{"time": "2025-03-22 20:35:21.305426", "type": "sell", "price": 84196.2, "volume": 0.647111, "exchange": "binance", "pair": "BTCUSDT", "inventory": {"Fund": {"USD": 9999477.523999115}, "BTCUSDT": 0.0}}
{"time": "2025-03-22 20:35:23.029926", "type": "buy", "price": 84190.55, "volume": 0.717734, "exchange": "bitget", "pair": "BTCUSDT", "inventory": {"Fund": {"USD": 9939051.103785416}, "BTCUSDT": 0.717734}}
{"time": "2025-03-22 20:35:23.029926", "type": "sell", "price": 84204.33, "volume": 0.717734, "exchange": "binance", "pair": "BTCUSDT", "inventory": {"Fund": {"USD": 9999487.414373636}, "BTCUSDT": 0.0}}
{"time": "2025-03-22 20:35:33.343303", "type": "buy", "price": 84188.43, "volume": 0.014603, "exchange": "bybit", "pair": "BTCUSDT", "inventory": {"Fund": {"USD": 9998258.010730347}, "BTCUSDT": 0.014603}}
{"time": "2025-03-22 20:35:33.343303", "type": "sell", "price": 84196.2, "volume": 0.014603, "exchange": "binance", "pair": "BTCUSDT", "inventory": {"Fund": {"USD": 9999487.527838947}, "BTCUSDT": 0.0}}
{"time": "2025-03-22 20:35:35.053704", "type": "buy", "price": 84188.43, "volume": 0.015905, "exchange": "bybit", "pair": "BTCUSDT", "inventory": {"Fund": {"USD": 9998148.510859797}, "BTCUSDT": 0.015905}}
{"time": "2025-03-22 20:35:35.053704", "type": "sell", "price": 84196.2, "volume": 0.015905, "exchange": "binance", "pair": "BTCUSDT", "inventory": {"Fund": {"USD": 9999487.651420796}, "BTCUSDT": 0.0}}
{"time": "2025-03-22 20:35:40.264540", "type": "buy", "price": 84188.43, "volume": 0.035634, "exchange": "bybit", "pair": "BTCUSDT", "inventory": {"Fund": {"USD": 9996487.680906177}, "BTCUSDT": 0.035634}}
{"time": "2025-03-22 20:35:40.264540", "type": "sell", "price": 84190.1, "volume": 0.035634, "exchange": "binance", "pair": "BTCUSDT", "inventory": {"Fund": {"USD": 9999487.710929576}, "BTCUSDT": 0.0}}
{"time": "2025-03-22 20:35:42.013174", "type": "buy", "price": 84188.43, "volume": 0.475048, "exchange": "bybit", "pair": "BTCUSDT", "inventory": {"Fund": {"USD": 9959494.165634936}, "BTCUSDT": 0.475048}}
{"time": "2025-03-22 20:35:42.013174", "type": "sell", "price": 84191.3, "volume": 0.475048, "exchange": "binance", "pair": "BTCUSDT", "inventory": {"Fund": {"USD": 9999489.074317336}, "BTCUSDT": 0.0}}
{"time": "2025-03-22 20:35:43.750155", "type": "buy", "price": 84188.43, "volume": 0.40851, "exchange": "bitget", "pair": "BTCUSDT", "inventory": {"Fund": {"USD": 9965097.258778036}, "BTCUSDT": 0.40851}}
{"time": "2025-03-22 20:35:43.750155", "type": "sell", "price": 84202.28, "volume": 0.40851, "exchange": "binance", "pair": "BTCUSDT", "inventory": {"Fund": {"USD": 9999494.732180836}, "BTCUSDT": 0.0}}
{"time": "2025-03-22 20:35:45.453052", "type": "buy", "price": 84188.43, "volume": 0.449171, "exchange": "bybit", "pair": "BTCUSDT", "inventory": {"Fund": {"USD": 9961679.730889305}, "BTCUSDT": 0.449171}}
{"time": "2025-03-22 20:35:45.453052", "type": "sell", "price": 84191.3, "volume": 0.449171, "exchange": "binance", "pair": "BTCUSDT", "inventory": {"Fund": {"USD": 9999496.021301605}, "BTCUSDT": 0.0}}
{"time": "2025-03-22 20:35:47.196711", "type": "buy", "price": 84188.43, "volume": 0.038022, "exchange": "bitget", "pair": "BTCUSDT", "inventory": {"Fund": {"USD": 9996295.008816145}, "BTCUSDT": 0.038022}}
{"time": "2025-03-22 20:35:47.196711", "type": "sell", "price": 84196.3, "volume": 0.038022, "exchange": "binance", "pair": "BTCUSDT", "inventory": {"Fund": {"USD": 9999496.320534745}, "BTCUSDT": 0.0}}
{"time": "2025-03-22 20:35:48.934368", "type": "buy", "price": 84182.22, "volume": 0.364436, "exchange": "bybit", "pair": "BTCUSDT", "inventory": {"Fund": {"USD": 9968817.289006826}, "BTCUSDT": 0.364436}}
{"time": "2025-03-22 20:35:48.934368", "type": "sell", "price": 84186.7, "volume": 0.364436, "exchange": "binance", "pair": "BTCUSDT", "inventory": {"Fund": {"USD": 9999497.953208026}, "BTCUSDT": 0.0}}
{"time": "2025-03-22 20:35:50.659774", "type": "buy", "price": 84182.22, "volume": 0.038022, "exchange": "bitget", "pair": "BTCUSDT", "inventory": {"Fund": {"USD": 9996297.176839186}, "BTCUSDT": 0.038022}}
{"time": "2025-03-22 20:35:50.659774", "type": "sell", "price": 84197.13, "volume": 0.038022, "exchange": "binance", "pair": "BTCUSDT", "inventory": {"Fund": {"USD": 9999498.520116046}, "BTCUSDT": 0.0}}
{"time": "2025-03-22 20:35:52.439550", "type": "buy", "price": 84182.22, "volume": 0.038022, "exchange": "bitget", "pair": "BTCUSDT", "inventory": {"Fund": {"USD": 9996297.743747206}, "BTCUSDT": 0.038022}}
{"time": "2025-03-22 20:35:52.439550", "type": "sell", "price": 84197.43, "volume": 0.038022, "exchange": "binance", "pair": "BTCUSDT", "inventory": {"Fund": {"USD": 9999499.098430667}, "BTCUSDT": 0.0}}
{"time": "2025-03-22 20:35:54.161015", "type": "buy", "price": 84182.22, "volume": 0.038022, "exchange": "bitget", "pair": "BTCUSDT", "inventory": {"Fund": {"USD": 9996298.322061827}, "BTCUSDT": 0.038022}}
{"time": "2025-03-22 20:35:54.161015", "type": "sell", "price": 84197.43, "volume": 0.038022, "exchange": "binance", "pair": "BTCUSDT", "inventory": {"Fund": {"USD": 9999499.676745288}, "BTCUSDT": 0.0}}
{"time": "2025-03-22 20:35:55.896522", "type": "buy", "price": 84182.22, "volume": 0.038022, "exchange": "bitget", "pair": "BTCUSDT", "inventory": {"Fund": {"USD": 9996298.900376448}, "BTCUSDT": 0.038022}}
{"time": "2025-03-22 20:35:55.896522", "type": "sell", "price": 84197.7, "volume": 0.038022, "exchange": "binance", "pair": "BTCUSDT", "inventory": {"Fund": {"USD": 9999500.265325848}, "BTCUSDT": 0.0}}
{"time": "2025-03-22 20:35:57.643517", "type": "buy", "price": 84182.22, "volume": 0.036948, "exchange": "bitget", "pair": "BTCUSDT", "inventory": {"Fund": {"USD": 9996389.900661288}, "BTCUSDT": 0.036948}}
{"time": "2025-03-22 20:35:57.643517", "type": "sell", "price": 84200.0, "volume": 0.036948, "exchange": "binance", "pair": "BTCUSDT", "inventory": {"Fund": {"USD": 9999500.922261288}, "BTCUSDT": 0.0}}
{"time": "2025-03-22 20:35:59.368579", "type": "buy", "price": 84182.22, "volume": 0.002, "exchange": "bybit", "pair": "BTCUSDT", "inventory": {"Fund": {"USD": 9999332.557821289}, "BTCUSDT": 0.002}}
{"time": "2025-03-22 20:35:59.368579", "type": "sell", "price": 84185.2, "volume": 0.002, "exchange": "binance", "pair": "BTCUSDT", "inventory": {"Fund": {"USD": 9999500.928221289}, "BTCUSDT": 0.0}}
{"time": "2025-03-22 20:36:01.124527", "type": "buy", "price": 84182.22, "volume": 0.038022, "exchange": "bitget", "pair": "BTCUSDT", "inventory": {"Fund": {"USD": 9996300.15185245}, "BTCUSDT": 0.038022}}
{"time": "2025-03-22 20:36:01.124527", "type": "sell", "price": 84198.41, "volume": 0.038022, "exchange": "binance", "pair": "BTCUSDT", "inventory": {"Fund": {"USD": 9999501.543797469}, "BTCUSDT": 0.0}}
{"time": "2025-03-22 20:36:02.838766", "type": "buy", "price": 84182.22, "volume": 0.038022, "exchange": "bitget", "pair": "BTCUSDT", "inventory": {"Fund": {"USD": 9996300.76742863}, "BTCUSDT": 0.038022}}
{"time": "2025-03-22 20:36:02.838766", "type": "sell", "price": 84198.41, "volume": 0.038022, "exchange": "binance", "pair": "BTCUSDT", "inventory": {"Fund": {"USD": 9999502.159373648}, "BTCUSDT": 0.0}}
{"time": "2025-03-22 20:36:07.949346", "type": "buy", "price": 84182.22, "volume": 0.038021, "exchange": "bitget", "pair": "BTCUSDT", "inventory": {"Fund": {"USD": 9996301.467187028}, "BTCUSDT": 0.038021}}
{"time": "2025-03-22 20:36:07.949346", "type": "sell", "price": 84199.01, "volume": 0.038021, "exchange": "binance", "pair": "BTCUSDT", "inventory": {"Fund": {"USD": 9999502.79774624}, "BTCUSDT": 0.0}}
{"time": "2025-03-22 20:36:09.676610", "type": "buy", "price": 84182.22, "volume": 0.354847, "exchange": "bybit", "pair": "BTCUSDT", "inventory": {"Fund": {"USD": 9969630.9895259}, "BTCUSDT": 0.354847}}
{"time": "2025-03-22 20:36:09.676610", "type": "sell", "price": 84186.7, "volume": 0.354847, "exchange": "binance", "pair": "BTCUSDT", "inventory": {"Fund": {"USD": 9999504.3874608}, "BTCUSDT": 0.0}}
{"time": "2025-03-22 20:36:11.393730", "type": "buy", "price": 84182.22, "volume": 0.739731, "exchange": "bybit", "pair": "BTCUSDT", "inventory": {"Fund": {"USD": 9937232.18967798}, "BTCUSDT": 0.739731}}
{"time": "2025-03-22 20:36:11.393730", "type": "sell", "price": 84190.1, "volume": 0.739731, "exchange": "binance", "pair": "BTCUSDT", "inventory": {"Fund": {"USD": 9999510.21654108}, "BTCUSDT": 0.0}}
{"time": "2025-03-22 20:36:13.110019", "type": "buy", "price": 84182.22, "volume": 0.008701, "exchange": "bitget", "pair": "BTCUSDT", "inventory": {"Fund": {"USD": 9998777.74704486}, "BTCUSDT": 0.008701}}
{"time": "2025-03-22 20:36:13.110019", "type": "sell", "price": 84200.0, "volume": 0.008701, "exchange": "binance", "pair": "BTCUSDT", "inventory": {"Fund": {"USD": 9999510.371244859}, "BTCUSDT": 0.0}}
{"time": "2025-03-22 20:36:14.872435", "type": "buy", "price": 84182.22, "volume": 0.038021, "exchange": "bitget", "pair": "BTCUSDT", "inventory": {"Fund": {"USD": 9996309.679058239}, "BTCUSDT": 0.038021}}
{"time": "2025-03-22 20:36:14.872435", "type": "sell", "price": 84199.45, "volume": 0.038021, "exchange": "binance", "pair": "BTCUSDT", "inventory": {"Fund": {"USD": 9999511.02634669}, "BTCUSDT": 0.0}}
{"time": "2025-03-22 20:36:16.599029", "type": "buy", "price": 84182.22, "volume": 0.564564, "exchange": "bybit", "pair": "BTCUSDT", "inventory": {"Fund": {"USD": 9951984.775494609}, "BTCUSDT": 0.564564}}
{"time": "2025-03-22 20:36:16.599029", "type": "sell", "price": 84190.1, "volume": 0.564564, "exchange": "binance", "pair": "BTCUSDT", "inventory": {"Fund": {"USD": 9999515.47511101}, "BTCUSDT": 0.0}}
{"time": "2025-03-22 20:36:18.344700", "type": "buy", "price": 84182.22, "volume": 0.038021, "exchange": "bitget", "pair": "BTCUSDT", "inventory": {"Fund": {"USD": 9996314.78292439}, "BTCUSDT": 0.038021}}
{"time": "2025-03-22 20:36:18.344700", "type": "sell", "price": 84199.58, "volume": 0.038021, "exchange": "binance", "pair": "BTCUSDT", "inventory": {"Fund": {"USD": 9999516.13515557}, "BTCUSDT": 0.0}}
{"time": "2025-03-22 20:36:20.094643", "type": "buy", "price": 84182.22, "volume": 0.038021, "exchange": "bitget", "pair": "BTCUSDT", "inventory": {"Fund": {"USD": 9996315.44296895}, "BTCUSDT": 0.038021}}
{"time": "2025-03-22 20:36:20.094643", "type": "sell", "price": 84199.62, "volume": 0.038021, "exchange": "binance", "pair": "BTCUSDT", "inventory": {"Fund": {"USD": 9999516.79672097}, "BTCUSDT": 0.0}}
{"time": "2025-03-22 20:36:21.828147", "type": "buy", "price": 84182.22, "volume": 0.038021, "exchange": "bitget", "pair": "BTCUSDT", "inventory": {"Fund": {"USD": 9996316.10453435}, "BTCUSDT": 0.038021}}
{"time": "2025-03-22 20:36:21.828147", "type": "sell", "price": 84199.62, "volume": 0.038021, "exchange": "binance", "pair": "BTCUSDT", "inventory": {"Fund": {"USD": 9999517.458286371}, "BTCUSDT": 0.0}}
{"time": "2025-03-22 20:36:23.560544", "type": "buy", "price": 84182.22, "volume": 0.038021, "exchange": "bitget", "pair": "BTCUSDT", "inventory": {"Fund": {"USD": 9996316.766099751}, "BTCUSDT": 0.038021}}
{"time": "2025-03-22 20:36:23.560544", "type": "sell", "price": 84199.62, "volume": 0.038021, "exchange": "binance", "pair": "BTCUSDT", "inventory": {"Fund": {"USD": 9999518.119851772}, "BTCUSDT": 0.0}}
{"time": "2025-03-22 20:36:25.302525", "type": "buy", "price": 84182.22, "volume": 0.038021, "exchange": "bitget", "pair": "BTCUSDT", "inventory": {"Fund": {"USD": 9996317.427665152}, "BTCUSDT": 0.038021}}
{"time": "2025-03-22 20:36:25.302525", "type": "sell", "price": 84199.66, "volume": 0.038021, "exchange": "binance", "pair": "BTCUSDT", "inventory": {"Fund": {"USD": 9999518.782938011}, "BTCUSDT": 0.0}}
{"time": "2025-03-22 20:36:27.059802", "type": "buy", "price": 84182.22, "volume": 0.038021, "exchange": "bitget", "pair": "BTCUSDT", "inventory": {"Fund": {"USD": 9996318.09075139}, "BTCUSDT": 0.038021}}
{"time": "2025-03-22 20:36:27.059802", "type": "sell", "price": 84199.66, "volume": 0.038021, "exchange": "binance", "pair": "BTCUSDT", "inventory": {"Fund": {"USD": 9999519.44602425}, "BTCUSDT": 0.0}}
{"time": "2025-03-22 20:36:28.791276", "type": "buy", "price": 84182.22, "volume": 0.003005, "exchange": "bybit", "pair": "BTCUSDT", "inventory": {"Fund": {"USD": 9999266.47845315}, "BTCUSDT": 0.003005}}
{"time": "2025-03-22 20:36:28.791276", "type": "sell", "price": 84184.5, "volume": 0.003005, "exchange": "binance", "pair": "BTCUSDT", "inventory": {"Fund": {"USD": 9999519.45287565}, "BTCUSDT": 0.0}}
{"time": "2025-03-22 20:36:30.533350", "type": "buy", "price": 84182.22, "volume": 0.003005, "exchange": "bybit", "pair": "BTCUSDT", "inventory": {"Fund": {"USD": 9999266.48530455}, "BTCUSDT": 0.003005}}
{"time": "2025-03-22 20:36:30.533350", "type": "sell", "price": 84184.5, "volume": 0.003005, "exchange": "binance", "pair": "BTCUSDT", "inventory": {"Fund": {"USD": 9999519.459727049}, "BTCUSDT": 0.0}}
{"time": "2025-03-22 20:36:32.276731", "type": "buy", "price": 84182.22, "volume": 0.003005, "exchange": "bybit", "pair": "BTCUSDT", "inventory": {"Fund": {"USD": 9999266.492155949}, "BTCUSDT": 0.003005}}
{"time": "2025-03-22 20:36:32.276731", "type": "sell", "price": 84184.5, "volume": 0.003005, "exchange": "binance", "pair": "BTCUSDT", "inventory": {"Fund": {"USD": 9999519.466578448}, "BTCUSDT": 0.0}}
{"time": "2025-03-22 20:36:35.774696", "type": "buy", "price": 84182.22, "volume": 0.038021, "exchange": "bitget", "pair": "BTCUSDT", "inventory": {"Fund": {"USD": 9996318.774391828}, "BTCUSDT": 0.038021}}
{"time": "2025-03-22 20:36:35.774696", "type": "sell", "price": 84199.77, "volume": 0.038021, "exchange": "binance", "pair": "BTCUSDT", "inventory": {"Fund": {"USD": 9999520.133846998}, "BTCUSDT": 0.0}}
{"time": "2025-03-22 20:36:37.536787", "type": "buy", "price": 84182.22, "volume": 0.00031, "exchange": "bitget", "pair": "BTCUSDT", "inventory": {"Fund": {"USD": 9999494.037358798}, "BTCUSDT": 0.00031}}
{"time": "2025-03-22 20:36:37.536787", "type": "sell", "price": 84200.0, "volume": 0.00031, "exchange": "binance", "pair": "BTCUSDT", "inventory": {"Fund": {"USD": 9999520.139358798}, "BTCUSDT": 0.0}}
{"time": "2025-03-22 20:36:39.260683", "type": "buy", "price": 84182.22, "volume": 0.501622, "exchange": "bybit", "pair": "BTCUSDT", "inventory": {"Fund": {"USD": 9957292.485797958}, "BTCUSDT": 0.501622}}
{"time": "2025-03-22 20:36:39.260683", "type": "sell", "price": 84192.0, "volume": 0.501622, "exchange": "binance", "pair": "BTCUSDT", "inventory": {"Fund": {"USD": 9999525.045221958}, "BTCUSDT": 0.0}}
{"time": "2025-03-22 20:36:40.990591", "type": "buy", "price": 84182.22, "volume": 0.501622, "exchange": "bybit", "pair": "BTCUSDT", "inventory": {"Fund": {"USD": 9957297.391661119}, "BTCUSDT": 0.501622}}
{"time": "2025-03-22 20:36:40.990591", "type": "sell", "price": 84192.0, "volume": 0.501622, "exchange": "binance", "pair": "BTCUSDT", "inventory": {"Fund": {"USD": 9999529.951085119}, "BTCUSDT": 0.0}}
{"time": "2025-03-22 20:36:42.742123", "type": "buy", "price": 84182.22, "volume": 0.501622, "exchange": "bybit", "pair": "BTCUSDT", "inventory": {"Fund": {"USD": 9957302.297524279}, "BTCUSDT": 0.501622}}
{"time": "2025-03-22 20:36:42.742123", "type": "sell", "price": 84192.0, "volume": 0.501622, "exchange": "binance", "pair": "BTCUSDT", "inventory": {"Fund": {"USD": 9999534.856948279}, "BTCUSDT": 0.0}}
{"time": "2025-03-22 20:36:44.452534", "type": "buy", "price": 84182.22, "volume": 0.501622, "exchange": "bybit", "pair": "BTCUSDT", "inventory": {"Fund": {"USD": 9957307.20338744}, "BTCUSDT": 0.501622}}
{"time": "2025-03-22 20:36:44.452534", "type": "sell", "price": 84192.0, "volume": 0.501622, "exchange": "binance", "pair": "BTCUSDT", "inventory": {"Fund": {"USD": 9999539.76281144}, "BTCUSDT": 0.0}}
{"time": "2025-03-22 20:36:46.169067", "type": "buy", "price": 84182.22, "volume": 0.501622, "exchange": "bybit", "pair": "BTCUSDT", "inventory": {"Fund": {"USD": 9957312.1092506}, "BTCUSDT": 0.501622}}
{"time": "2025-03-22 20:36:46.169067", "type": "sell", "price": 84192.0, "volume": 0.501622, "exchange": "binance", "pair": "BTCUSDT", "inventory": {"Fund": {"USD": 9999544.6686746}, "BTCUSDT": 0.0}}
{"time": "2025-03-22 20:36:47.898067", "type": "buy", "price": 84182.22, "volume": 0.501622, "exchange": "bybit", "pair": "BTCUSDT", "inventory": {"Fund": {"USD": 9957317.01511376}, "BTCUSDT": 0.501622}}
{"time": "2025-03-22 20:36:47.898067", "type": "sell", "price": 84192.0, "volume": 0.501622, "exchange": "binance", "pair": "BTCUSDT", "inventory": {"Fund": {"USD": 9999549.57453776}, "BTCUSDT": 0.0}}
{"time": "2025-03-22 20:36:49.620616", "type": "buy", "price": 84182.22, "volume": 0.501622, "exchange": "bybit", "pair": "BTCUSDT", "inventory": {"Fund": {"USD": 9957321.92097692}, "BTCUSDT": 0.501622}}
{"time": "2025-03-22 20:36:49.620616", "type": "sell", "price": 84192.0, "volume": 0.501622, "exchange": "binance", "pair": "BTCUSDT", "inventory": {"Fund": {"USD": 9999554.48040092}, "BTCUSDT": 0.0}}
{"time": "2025-03-22 20:36:51.350990", "type": "buy", "price": 84182.22, "volume": 0.485773, "exchange": "bybit", "pair": "BTCUSDT", "inventory": {"Fund": {"USD": 9958661.03084486}, "BTCUSDT": 0.485773}}
{"time": "2025-03-22 20:36:51.350990", "type": "sell", "price": 84192.0, "volume": 0.485773, "exchange": "binance", "pair": "BTCUSDT", "inventory": {"Fund": {"USD": 9999559.23126086}, "BTCUSDT": 0.0}}
{"time": "2025-03-22 20:36:53.094531", "type": "buy", "price": 84182.22, "volume": 0.485773, "exchange": "bybit", "pair": "BTCUSDT", "inventory": {"Fund": {"USD": 9958665.7817048}, "BTCUSDT": 0.485773}}
{"time": "2025-03-22 20:36:53.094531", "type": "sell", "price": 84192.0, "volume": 0.485773, "exchange": "binance", "pair": "BTCUSDT", "inventory": {"Fund": {"USD": 9999563.9821208}, "BTCUSDT": 0.0}}
{"time": "2025-03-22 20:36:54.842370", "type": "buy", "price": 84182.22, "volume": 0.000951, "exchange": "bybit", "pair": "BTCUSDT", "inventory": {"Fund": {"USD": 9999483.92482958}, "BTCUSDT": 0.000951}}
{"time": "2025-03-22 20:36:54.842370", "type": "sell", "price": 84191.4, "volume": 0.000951, "exchange": "binance", "pair": "BTCUSDT", "inventory": {"Fund": {"USD": 9999563.99085098}, "BTCUSDT": 0.0}}
{"time": "2025-03-22 20:36:56.555678", "type": "buy", "price": 84182.22, "volume": 0.000951, "exchange": "bybit", "pair": "BTCUSDT", "inventory": {"Fund": {"USD": 9999483.933559759}, "BTCUSDT": 0.000951}}
{"time": "2025-03-22 20:36:56.555678", "type": "sell", "price": 84191.4, "volume": 0.000951, "exchange": "binance", "pair": "BTCUSDT", "inventory": {"Fund": {"USD": 9999563.999581158}, "BTCUSDT": 0.0}}
{"time": "2025-03-22 20:36:58.305431", "type": "buy", "price": 84182.22, "volume": 0.400233, "exchange": "bybit", "pair": "BTCUSDT", "inventory": {"Fund": {"USD": 9965871.497123899}, "BTCUSDT": 0.400233}}
{"time": "2025-03-22 20:36:58.305431", "type": "sell", "price": 84192.0, "volume": 0.400233, "exchange": "binance", "pair": "BTCUSDT", "inventory": {"Fund": {"USD": 9999567.913859898}, "BTCUSDT": 0.0}}
{"time": "2025-03-22 20:37:00.054148", "type": "buy", "price": 84182.22, "volume": 0.395615, "exchange": "bybit", "pair": "BTCUSDT", "inventory": {"Fund": {"USD": 9966264.164894598}, "BTCUSDT": 0.395615}}
{"time": "2025-03-22 20:37:00.054148", "type": "sell", "price": 84192.0, "volume": 0.395615, "exchange": "binance", "pair": "BTCUSDT", "inventory": {"Fund": {"USD": 9999571.782974597}, "BTCUSDT": 0.0}}
{"time": "2025-03-22 20:37:01.817044", "type": "buy", "price": 84182.22, "volume": 0.395615, "exchange": "bybit", "pair": "BTCUSDT", "inventory": {"Fund": {"USD": 9966268.034009296}, "BTCUSDT": 0.395615}}
{"time": "2025-03-22 20:37:01.817044", "type": "sell", "price": 84192.0, "volume": 0.395615, "exchange": "binance", "pair": "BTCUSDT", "inventory": {"Fund": {"USD": 9999575.652089296}, "BTCUSDT": 0.0}}
{"time": "2025-03-22 20:37:03.546807", "type": "buy", "price": 84182.22, "volume": 0.407697, "exchange": "bybit", "pair": "BTCUSDT", "inventory": {"Fund": {"USD": 9965254.813541956}, "BTCUSDT": 0.407697}}
{"time": "2025-03-22 20:37:03.546807", "type": "sell", "price": 84192.0, "volume": 0.407697, "exchange": "binance", "pair": "BTCUSDT", "inventory": {"Fund": {"USD": 9999579.639365956}, "BTCUSDT": 0.0}}
{"time": "2025-03-22 20:37:05.268904", "type": "buy", "price": 84182.22, "volume": 0.923784, "exchange": "bybit", "pair": "BTCUSDT", "inventory": {"Fund": {"USD": 9921813.451445477}, "BTCUSDT": 0.923784}}
{"time": "2025-03-22 20:37:05.268904", "type": "sell", "price": 84201.2, "volume": 0.0, "exchange": "binance", "pair": "BTCUSDT", "inventory": {"Fund": {"USD": 9921813.451445477}, "BTCUSDT": 0.923784}}
{"time": "2025-03-22 20:37:07.015529", "type": "buy", "price": 84192.6, "volume": 0.457348, "exchange": "bybit", "pair": "BTCUSDT", "inventory": {"Fund": {"USD": 9883308.134220676}, "BTCUSDT": 1.381132}}
{"time": "2025-03-22 20:37:07.015529", "type": "sell", "price": 84201.2, "volume": 0.005, "exchange": "binance", "pair": "BTCUSDT", "inventory": {"Fund": {"USD": 9883729.140220676}, "BTCUSDT": 1.3761320000000001}}
{"time": "2025-03-22 20:37:08.768932", "type": "buy", "price": 84192.6, "volume": 0.457348, "exchange": "bybit", "pair": "BTCUSDT", "inventory": {"Fund": {"USD": 9845223.822995875}, "BTCUSDT": 1.8334800000000002}}
{"time": "2025-03-22 20:37:08.768932", "type": "sell", "price": 84201.2, "volume": 0.005, "exchange": "binance", "pair": "BTCUSDT", "inventory": {"Fund": {"USD": 9845644.828995874}, "BTCUSDT": 1.8284800000000003}}
{"time": "2025-03-22 20:37:10.508749", "type": "buy", "price": 84192.6, "volume": 0.457348, "exchange": "bybit", "pair": "BTCUSDT", "inventory": {"Fund": {"USD": 9807139.511771074}, "BTCUSDT": 2.2858280000000004}}
{"time": "2025-03-22 20:37:10.508749", "type": "sell", "price": 84201.2, "volume": 0.005, "exchange": "binance", "pair": "BTCUSDT", "inventory": {"Fund": {"USD": 9807560.517771073}, "BTCUSDT": 2.2808280000000005}}
{"time": "2025-03-22 20:37:12.245669", "type": "buy", "price": 84192.6, "volume": 0.457348, "exchange": "bybit", "pair": "BTCUSDT", "inventory": {"Fund": {"USD": 9769055.200546272}, "BTCUSDT": 2.7381760000000006}}
{"time": "2025-03-22 20:37:12.245669", "type": "sell", "price": 84201.2, "volume": 0.005, "exchange": "binance", "pair": "BTCUSDT", "inventory": {"Fund": {"USD": 9769476.206546271}, "BTCUSDT": 2.7331760000000007}}
{"time": "2025-03-22 20:37:13.977638", "type": "buy", "price": 84188.43, "volume": 0.03597, "exchange": "bybit", "pair": "BTCUSDT", "inventory": {"Fund": {"USD": 9766447.948719172}, "BTCUSDT": 2.7691460000000006}}
{"time": "2025-03-22 20:37:13.977638", "type": "sell", "price": 84196.6, "volume": 0.03597, "exchange": "binance", "pair": "BTCUSDT", "inventory": {"Fund": {"USD": 9769476.500421172}, "BTCUSDT": 2.7331760000000007}}
{"time": "2025-03-22 20:37:15.727777", "type": "buy", "price": 84188.43, "volume": 0.000263, "exchange": "bybit", "pair": "BTCUSDT", "inventory": {"Fund": {"USD": 9769454.358864082}, "BTCUSDT": 2.7334390000000006}}
{"time": "2025-03-22 20:37:15.727777", "type": "sell", "price": 84188.8, "volume": 0.000263, "exchange": "binance", "pair": "BTCUSDT", "inventory": {"Fund": {"USD": 9769476.500518482}, "BTCUSDT": 2.7331760000000007}}
{"time": "2025-03-22 20:37:17.523477", "type": "buy", "price": 84188.43, "volume": 0.000263, "exchange": "bybit", "pair": "BTCUSDT", "inventory": {"Fund": {"USD": 9769454.358961392}, "BTCUSDT": 2.7334390000000006}}
{"time": "2025-03-22 20:37:17.523477", "type": "sell", "price": 84188.8, "volume": 0.000263, "exchange": "binance", "pair": "BTCUSDT", "inventory": {"Fund": {"USD": 9769476.500615792}, "BTCUSDT": 2.7331760000000007}}
{"time": "2025-03-22 20:37:19.302435", "type": "buy", "price": 84188.43, "volume": 0.219673, "exchange": "bybit", "pair": "BTCUSDT", "inventory": {"Fund": {"USD": 9750982.575632403}, "BTCUSDT": 2.9528490000000005}}
{"time": "2025-03-22 20:37:19.302435", "type": "sell", "price": 84201.2, "volume": 0.219673, "exchange": "binance", "pair": "BTCUSDT", "inventory": {"Fund": {"USD": 9769479.305840002}, "BTCUSDT": 2.7331760000000003}}
{"time": "2025-03-22 20:37:21.098565", "type": "sell", "price": 84191.9, "volume": 2.7331760000000003, "exchange": "binance", "pair": "BTCUSDT", "inventory": {"Fund": {"USD": 9999590.586314403}, "BTCUSDT": 0.0}}
{"time": "2025-03-22 20:37:22.885778", "type": "buy", "price": 84188.43, "volume": 0.212694, "exchange": "bybit", "pair": "BTCUSDT", "inventory": {"Fund": {"USD": 9981684.212383982}, "BTCUSDT": 0.212694}}
{"time": "2025-03-22 20:37:22.885778", "type": "sell", "price": 84201.2, "volume": 0.212694, "exchange": "binance", "pair": "BTCUSDT", "inventory": {"Fund": {"USD": 9999593.302416781}, "BTCUSDT": 0.0}}
{"time": "2025-03-22 20:37:24.676917", "type": "buy", "price": 84188.43, "volume": 0.212694, "exchange": "bybit", "pair": "BTCUSDT", "inventory": {"Fund": {"USD": 9981686.92848636}, "BTCUSDT": 0.212694}}
{"time": "2025-03-22 20:37:24.676917", "type": "sell", "price": 84201.2, "volume": 0.212694, "exchange": "binance", "pair": "BTCUSDT", "inventory": {"Fund": {"USD": 9999596.01851916}, "BTCUSDT": 0.0}}
{"time": "2025-03-22 20:37:26.425225", "type": "buy", "price": 84188.43, "volume": 0.001, "exchange": "bybit", "pair": "BTCUSDT", "inventory": {"Fund": {"USD": 9999511.83008916}, "BTCUSDT": 0.001}}
{"time": "2025-03-22 20:37:26.425225", "type": "sell", "price": 84198.0, "volume": 0.001, "exchange": "binance", "pair": "BTCUSDT", "inventory": {"Fund": {"USD": 9999596.02808916}, "BTCUSDT": 0.0}}
{"time": "2025-03-22 20:37:28.146512", "type": "buy", "price": 84188.43, "volume": 0.363, "exchange": "bybit", "pair": "BTCUSDT", "inventory": {"Fund": {"USD": 9969035.62799916}, "BTCUSDT": 0.363}}
{"time": "2025-03-22 20:37:28.146512", "type": "sell", "price": 84201.2, "volume": 0.363, "exchange": "binance", "pair": "BTCUSDT", "inventory": {"Fund": {"USD": 9999600.66359916}, "BTCUSDT": 0.0}}
{"time": "2025-03-22 20:37:29.948016", "type": "buy", "price": 84188.43, "volume": 0.648347, "exchange": "bybit", "pair": "BTCUSDT", "inventory": {"Fund": {"USD": 9945017.347573949}, "BTCUSDT": 0.648347}}
{"time": "2025-03-22 20:37:29.948016", "type": "sell", "price": 84216.1, "volume": 0.0, "exchange": "binance", "pair": "BTCUSDT", "inventory": {"Fund": {"USD": 9945017.347573949}, "BTCUSDT": 0.648347}}
{"time": "2025-03-22 20:37:31.718095", "type": "buy", "price": 84188.43, "volume": 0.648347, "exchange": "bybit", "pair": "BTCUSDT", "inventory": {"Fund": {"USD": 9890434.031548738}, "BTCUSDT": 1.296694}}
{"time": "2025-03-22 20:37:31.718095", "type": "sell", "price": 84216.1, "volume": 0.0, "exchange": "binance", "pair": "BTCUSDT", "inventory": {"Fund": {"USD": 9890434.031548738}, "BTCUSDT": 1.296694}}
{"time": "2025-03-22 20:37:33.453344", "type": "buy", "price": 84188.43, "volume": 0.648347, "exchange": "bybit", "pair": "BTCUSDT", "inventory": {"Fund": {"USD": 9835850.715523528}, "BTCUSDT": 1.945041}}
{"time": "2025-03-22 20:37:33.453344", "type": "sell", "price": 84216.1, "volume": 0.0, "exchange": "binance", "pair": "BTCUSDT", "inventory": {"Fund": {"USD": 9835850.715523528}, "BTCUSDT": 1.945041}}
{"time": "2025-03-22 20:37:35.167719", "type": "sell", "price": 84215.5, "volume": 0.01153, "exchange": "binance", "pair": "BTCUSDT", "inventory": {"Fund": {"USD": 9836821.720238527}, "BTCUSDT": 1.933511}}
{"time": "2025-03-22 20:37:36.889768", "type": "sell", "price": 84215.5, "volume": 0.01153, "exchange": "binance", "pair": "BTCUSDT", "inventory": {"Fund": {"USD": 9837792.724953527}, "BTCUSDT": 1.921981}}
{"time": "2025-03-22 20:37:38.602569", "type": "sell", "price": 84215.5, "volume": 0.01153, "exchange": "binance", "pair": "BTCUSDT", "inventory": {"Fund": {"USD": 9838763.729668526}, "BTCUSDT": 1.910451}}
{"time": "2025-03-22 20:37:40.325201", "type": "sell", "price": 84215.5, "volume": 0.01153, "exchange": "binance", "pair": "BTCUSDT", "inventory": {"Fund": {"USD": 9839734.734383525}, "BTCUSDT": 1.8989209999999999}}
{"time": "2025-03-22 20:37:42.044513", "type": "buy", "price": 84199.91, "volume": 0.835924, "exchange": "bybit", "pair": "BTCUSDT", "inventory": {"Fund": {"USD": 9769350.008816686}, "BTCUSDT": 2.734845}}
{"time": "2025-03-22 20:37:42.044513", "type": "sell", "price": 84216.1, "volume": 0.0, "exchange": "bitget", "pair": "BTCUSDT", "inventory": {"Fund": {"USD": 9769350.008816686}, "BTCUSDT": 2.734845}}
{"time": "2025-03-22 20:37:43.785995", "type": "buy", "price": 84206.36, "volume": 0.895076, "exchange": "bybit", "pair": "BTCUSDT", "inventory": {"Fund": {"USD": 9693978.916933326}, "BTCUSDT": 3.629921}}
{"time": "2025-03-22 20:37:43.785995", "type": "sell", "price": 84216.1, "volume": 0.0, "exchange": "binance", "pair": "BTCUSDT", "inventory": {"Fund": {"USD": 9693978.916933326}, "BTCUSDT": 3.629921}}
{"time": "2025-03-22 20:37:45.510620", "type": "buy", "price": 84206.36, "volume": 0.895076, "exchange": "bybit", "pair": "BTCUSDT", "inventory": {"Fund": {"USD": 9618607.825049967}, "BTCUSDT": 4.524997}}
{"time": "2025-03-22 20:37:45.510620", "type": "sell", "price": 84216.1, "volume": 0.0, "exchange": "binance", "pair": "BTCUSDT", "inventory": {"Fund": {"USD": 9618607.825049967}, "BTCUSDT": 4.524997}}
{"time": "2025-03-22 20:37:47.246130", "type": "buy", "price": 84206.36, "volume": 0.895076, "exchange": "bybit", "pair": "BTCUSDT", "inventory": {"Fund": {"USD": 9543236.733166607}, "BTCUSDT": 5.420073}}
{"time": "2025-03-22 20:37:47.246130", "type": "sell", "price": 84216.1, "volume": 0.0, "exchange": "binance", "pair": "BTCUSDT", "inventory": {"Fund": {"USD": 9543236.733166607}, "BTCUSDT": 5.420073}}
{"time": "2025-03-22 20:37:48.950409", "type": "buy", "price": 84206.36, "volume": 0.895076, "exchange": "bybit", "pair": "BTCUSDT", "inventory": {"Fund": {"USD": 9467865.641283248}, "BTCUSDT": 6.315149}}
{"time": "2025-03-22 20:37:48.950409", "type": "sell", "price": 84216.1, "volume": 0.0, "exchange": "binance", "pair": "BTCUSDT", "inventory": {"Fund": {"USD": 9467865.641283248}, "BTCUSDT": 6.315149}}
{"time": "2025-03-22 20:37:50.688788", "type": "buy", "price": 84206.53, "volume": 1.101469, "exchange": "bitget", "pair": "BTCUSDT", "inventory": {"Fund": {"USD": 9375114.758890677}, "BTCUSDT": 7.416618}}
{"time": "2025-03-22 20:37:50.688788", "type": "sell", "price": 84208.81, "volume": 0.25088, "exchange": "binance", "pair": "BTCUSDT", "inventory": {"Fund": {"USD": 9396241.065143477}, "BTCUSDT": 7.165737999999999}}
{"time": "2025-03-22 20:37:52.399734", "type": "buy", "price": 84207.4, "volume": 0.507561, "exchange": "bybit", "pair": "BTCUSDT", "inventory": {"Fund": {"USD": 9353500.672992077}, "BTCUSDT": 7.673298999999999}}
{"time": "2025-03-22 20:37:52.399734", "type": "sell", "price": 84217.3, "volume": 0.507561, "exchange": "binance", "pair": "BTCUSDT", "inventory": {"Fund": {"USD": 9396246.089997377}, "BTCUSDT": 7.165737999999999}}
{"time": "2025-03-22 20:37:54.171364", "type": "buy", "price": 84207.4, "volume": 0.507561, "exchange": "bybit", "pair": "BTCUSDT", "inventory": {"Fund": {"USD": 9353505.697845977}, "BTCUSDT": 7.673298999999999}}
{"time": "2025-03-22 20:37:54.171364", "type": "sell", "price": 84217.3, "volume": 0.507561, "exchange": "binance", "pair": "BTCUSDT", "inventory": {"Fund": {"USD": 9396251.114851277}, "BTCUSDT": 7.165737999999999}}
{"time": "2025-03-22 20:37:55.918290", "type": "sell", "price": 84216.7, "volume": 1.59527, "exchange": "binance", "pair": "BTCUSDT", "inventory": {"Fund": {"USD": 9530599.489860278}, "BTCUSDT": 5.570467999999999}}
{"time": "2025-03-22 20:37:57.680726", "type": "buy", "price": 84207.4, "volume": 0.264647, "exchange": "bybit", "pair": "BTCUSDT", "inventory": {"Fund": {"USD": 9508314.254072478}, "BTCUSDT": 5.835114999999999}}
{"time": "2025-03-22 20:37:57.680726", "type": "sell", "price": 84209.0, "volume": 0.0, "exchange": "binance", "pair": "BTCUSDT", "inventory": {"Fund": {"USD": 9508314.254072478}, "BTCUSDT": 5.835114999999999}}
{"time": "2025-03-22 20:37:59.418139", "type": "buy", "price": 84207.46, "volume": 0.928837, "exchange": "bybit", "pair": "BTCUSDT", "inventory": {"Fund": {"USD": 9430099.249548458}, "BTCUSDT": 6.763951999999999}}
{"time": "2025-03-22 20:37:59.418139", "type": "sell", "price": 84220.8, "volume": 0.0, "exchange": "binance", "pair": "BTCUSDT", "inventory": {"Fund": {"USD": 9430099.249548458}, "BTCUSDT": 6.763951999999999}}
{"time": "2025-03-22 20:38:01.157036", "type": "buy", "price": 84207.47, "volume": 0.052866, "exchange": "bybit", "pair": "BTCUSDT", "inventory": {"Fund": {"USD": 9425647.537439438}, "BTCUSDT": 6.816817999999999}}
{"time": "2025-03-22 20:38:01.157036", "type": "sell", "price": 84222.4, "volume": 0.00605, "exchange": "binance", "pair": "BTCUSDT", "inventory": {"Fund": {"USD": 9426157.082959438}, "BTCUSDT": 6.810767999999999}}
{"time": "2025-03-22 20:38:02.922217", "type": "buy", "price": 84207.47, "volume": 0.052866, "exchange": "bybit", "pair": "BTCUSDT", "inventory": {"Fund": {"USD": 9421705.370850418}, "BTCUSDT": 6.8636339999999985}}
{"time": "2025-03-22 20:38:02.922217", "type": "sell", "price": 84222.4, "volume": 0.00605, "exchange": "binance", "pair": "BTCUSDT", "inventory": {"Fund": {"USD": 9422214.916370418}, "BTCUSDT": 6.857583999999998}}
{"time": "2025-03-22 20:38:04.665495", "type": "buy", "price": 84207.47, "volume": 0.052866, "exchange": "bybit", "pair": "BTCUSDT", "inventory": {"Fund": {"USD": 9417763.204261398}, "BTCUSDT": 6.910449999999998}}
{"time": "2025-03-22 20:38:04.665495", "type": "sell", "price": 84222.4, "volume": 0.00605, "exchange": "binance", "pair": "BTCUSDT", "inventory": {"Fund": {"USD": 9418272.749781398}, "BTCUSDT": 6.904399999999998}}
{"time": "2025-03-22 20:38:06.400866", "type": "sell", "price": 84217.9, "volume": 2.09918, "exchange": "binance", "pair": "BTCUSDT", "inventory": {"Fund": {"USD": 9595061.281103399}, "BTCUSDT": 4.8052199999999985}}
{"time": "2025-03-22 20:38:08.148640", "type": "sell", "price": 84222.7, "volume": 1.316189, "exchange": "bitget", "pair": "BTCUSDT", "inventory": {"Fund": {"USD": 9705914.272393698}, "BTCUSDT": 3.4890309999999984}}
{"time": "2025-03-22 20:38:09.927443", "type": "buy", "price": 84208.84, "volume": 0.161507, "exchange": "bybit", "pair": "BTCUSDT", "inventory": {"Fund": {"USD": 9692313.955271818}, "BTCUSDT": 3.6505379999999983}}
{"time": "2025-03-22 20:38:09.927443", "type": "sell", "price": 84216.6, "volume": 0.161507, "exchange": "bitget", "pair": "BTCUSDT", "inventory": {"Fund": {"USD": 9705915.525688019}, "BTCUSDT": 3.4890309999999984}}
{"time": "2025-03-22 20:38:11.656579", "type": "buy", "price": 84208.84, "volume": 0.161507, "exchange": "bybit", "pair": "BTCUSDT", "inventory": {"Fund": {"USD": 9692315.208566139}, "BTCUSDT": 3.6505379999999983}}
{"time": "2025-03-22 20:38:11.656579", "type": "sell", "price": 84216.6, "volume": 0.161507, "exchange": "bitget", "pair": "BTCUSDT", "inventory": {"Fund": {"USD": 9705916.77898234}, "BTCUSDT": 3.4890309999999984}}
{"time": "2025-03-22 20:38:13.411090", "type": "buy", "price": 84208.84, "volume": 1.63633, "exchange": "binance", "pair": "BTCUSDT", "inventory": {"Fund": {"USD": 9568123.32782514}, "BTCUSDT": 5.125360999999998}}
{"time": "2025-03-22 20:38:13.411090", "type": "sell", "price": 84209.36, "volume": 1.039323, "exchange": "bitget", "pair": "BTCUSDT", "inventory": {"Fund": {"USD": 9655644.05248842}, "BTCUSDT": 4.0860379999999985}}
{"time": "2025-03-22 20:38:15.156285", "type": "buy", "price": 84209.37, "volume": 0.001769, "exchange": "bybit", "pair": "BTCUSDT", "inventory": {"Fund": {"USD": 9655495.08611289}, "BTCUSDT": 4.087806999999999}}
{"time": "2025-03-22 20:38:15.156285", "type": "sell", "price": 84216.5, "volume": 0.001769, "exchange": "binance", "pair": "BTCUSDT", "inventory": {"Fund": {"USD": 9655644.06510139}, "BTCUSDT": 4.0860379999999985}}
{"time": "2025-03-22 20:38:16.912653", "type": "buy", "price": 84209.37, "volume": 0.001769, "exchange": "bybit", "pair": "BTCUSDT", "inventory": {"Fund": {"USD": 9655495.098725861}, "BTCUSDT": 4.087806999999999}}
{"time": "2025-03-22 20:38:16.912653", "type": "sell", "price": 84216.5, "volume": 0.001769, "exchange": "binance", "pair": "BTCUSDT", "inventory": {"Fund": {"USD": 9655644.077714361}, "BTCUSDT": 4.0860379999999985}}
{"time": "2025-03-22 20:38:18.659431", "type": "buy", "price": 84209.37, "volume": 0.44598, "exchange": "bybit", "pair": "BTCUSDT", "inventory": {"Fund": {"USD": 9618088.38288176}, "BTCUSDT": 4.532017999999998}}
{"time": "2025-03-22 20:38:18.659431", "type": "sell", "price": 84216.6, "volume": 0.44598, "exchange": "binance", "pair": "BTCUSDT", "inventory": {"Fund": {"USD": 9655647.302149761}, "BTCUSDT": 4.0860379999999985}}
{"time": "2025-03-22 20:38:20.382500", "type": "buy", "price": 84209.37, "volume": 0.0038, "exchange": "bybit", "pair": "BTCUSDT", "inventory": {"Fund": {"USD": 9655327.306543762}, "BTCUSDT": 4.0898379999999985}}
{"time": "2025-03-22 20:38:20.382500", "type": "sell", "price": 84215.3, "volume": 0.0038, "exchange": "binance", "pair": "BTCUSDT", "inventory": {"Fund": {"USD": 9655647.324683761}, "BTCUSDT": 4.0860379999999985}}
{"time": "2025-03-22 20:38:22.109986", "type": "buy", "price": 84209.37, "volume": 0.0038, "exchange": "bybit", "pair": "BTCUSDT", "inventory": {"Fund": {"USD": 9655327.329077762}, "BTCUSDT": 4.0898379999999985}}
{"time": "2025-03-22 20:38:22.109986", "type": "sell", "price": 84215.3, "volume": 0.0038, "exchange": "binance", "pair": "BTCUSDT", "inventory": {"Fund": {"USD": 9655647.347217761}, "BTCUSDT": 4.0860379999999985}}
{"time": "2025-03-22 20:38:23.829923", "type": "buy", "price": 84208.86, "volume": 0.625207, "exchange": "bybit", "pair": "BTCUSDT", "inventory": {"Fund": {"USD": 9602999.37848374}, "BTCUSDT": 4.711244999999998}}
{"time": "2025-03-22 20:38:23.829923", "type": "sell", "price": 84216.6, "volume": 0.625207, "exchange": "bitget", "pair": "BTCUSDT", "inventory": {"Fund": {"USD": 9655652.18631994}, "BTCUSDT": 4.0860379999999985}}
{"time": "2025-03-22 20:38:25.537683", "type": "buy", "price": 84208.86, "volume": 4.48414, "exchange": "binance", "pair": "BTCUSDT", "inventory": {"Fund": {"USD": 9278047.86883954}, "BTCUSDT": 8.570177999999999}}
{"time": "2025-03-22 20:38:25.537683", "type": "sell", "price": 84209.36, "volume": 0.838041, "exchange": "bitget", "pair": "BTCUSDT", "inventory": {"Fund": {"USD": 9348618.7651033}, "BTCUSDT": 7.732136999999998}}
{"time": "2025-03-22 20:38:27.249557", "type": "buy", "price": 84209.88, "volume": 0.623795, "exchange": "bybit", "pair": "BTCUSDT", "inventory": {"Fund": {"USD": 9296089.0630087}, "BTCUSDT": 8.355931999999997}}
{"time": "2025-03-22 20:38:27.249557", "type": "sell", "price": 84218.5, "volume": 0.0, "exchange": "binance", "pair": "BTCUSDT", "inventory": {"Fund": {"USD": 9296089.0630087}, "BTCUSDT": 8.355931999999997}}
{"time": "2025-03-22 20:38:28.947664", "type": "buy", "price": 84209.88, "volume": 0.623795, "exchange": "bybit", "pair": "BTCUSDT", "inventory": {"Fund": {"USD": 9243559.3609141}, "BTCUSDT": 8.979726999999997}}
{"time": "2025-03-22 20:38:28.947664", "type": "sell", "price": 84218.5, "volume": 0.0, "exchange": "binance", "pair": "BTCUSDT", "inventory": {"Fund": {"USD": 9243559.3609141}, "BTCUSDT": 8.979726999999997}}
{"time": "2025-03-22 20:38:30.672782", "type": "buy", "price": 84209.88, "volume": 0.623795, "exchange": "bybit", "pair": "BTCUSDT", "inventory": {"Fund": {"USD": 9191029.6588195}, "BTCUSDT": 9.603521999999996}}
{"time": "2025-03-22 20:38:30.672782", "type": "sell", "price": 84218.5, "volume": 0.0, "exchange": "binance", "pair": "BTCUSDT", "inventory": {"Fund": {"USD": 9191029.6588195}, "BTCUSDT": 9.603521999999996}}
{"time": "2025-03-22 20:38:32.382303", "type": "buy", "price": 84209.88, "volume": 0.623795, "exchange": "bybit", "pair": "BTCUSDT", "inventory": {"Fund": {"USD": 9138499.9567249}, "BTCUSDT": 10.227316999999996}}
{"time": "2025-03-22 20:38:32.382303", "type": "sell", "price": 84218.5, "volume": 0.0, "exchange": "binance", "pair": "BTCUSDT", "inventory": {"Fund": {"USD": 9138499.9567249}, "BTCUSDT": 10.227316999999996}}
{"time": "2025-03-22 20:38:34.113853", "type": "buy", "price": 84215.97, "volume": 0.577392, "exchange": "bybit", "pair": "BTCUSDT", "inventory": {"Fund": {"USD": 9089874.329374662}, "BTCUSDT": 10.804708999999995}}
{"time": "2025-03-22 20:38:34.113853", "type": "sell", "price": 84221.5, "volume": 0.0, "exchange": "binance", "pair": "BTCUSDT", "inventory": {"Fund": {"USD": 9089874.329374662}, "BTCUSDT": 10.804708999999995}}
{"time": "2025-03-22 20:38:35.877314", "type": "buy", "price": 84215.97, "volume": 0.577392, "exchange": "bybit", "pair": "BTCUSDT", "inventory": {"Fund": {"USD": 9041248.702024423}, "BTCUSDT": 11.382100999999995}}
{"time": "2025-03-22 20:38:35.877314", "type": "sell", "price": 84221.5, "volume": 0.0, "exchange": "binance", "pair": "BTCUSDT", "inventory": {"Fund": {"USD": 9041248.702024423}, "BTCUSDT": 11.382100999999995}}
{"time": "2025-03-22 20:38:37.637895", "type": "buy", "price": 84215.97, "volume": 0.577392, "exchange": "bybit", "pair": "BTCUSDT", "inventory": {"Fund": {"USD": 8992623.074674184}, "BTCUSDT": 11.959492999999995}}
{"time": "2025-03-22 20:38:37.637895", "type": "sell", "price": 84221.5, "volume": 0.0, "exchange": "binance", "pair": "BTCUSDT", "inventory": {"Fund": {"USD": 8992623.074674184}, "BTCUSDT": 11.959492999999995}}
{"time": "2025-03-22 20:38:39.429041", "type": "buy", "price": 84215.97, "volume": 0.577392, "exchange": "bybit", "pair": "BTCUSDT", "inventory": {"Fund": {"USD": 8943997.447323944}, "BTCUSDT": 12.536884999999995}}
{"time": "2025-03-22 20:38:39.429041", "type": "sell", "price": 84221.5, "volume": 0.0, "exchange": "binance", "pair": "BTCUSDT", "inventory": {"Fund": {"USD": 8943997.447323944}, "BTCUSDT": 12.536884999999995}}
{"time": "2025-03-22 20:38:41.231068", "type": "buy", "price": 84215.97, "volume": 0.577392, "exchange": "bybit", "pair": "BTCUSDT", "inventory": {"Fund": {"USD": 8895371.819973705}, "BTCUSDT": 13.114276999999994}}
{"time": "2025-03-22 20:38:41.231068", "type": "sell", "price": 84221.5, "volume": 0.0, "exchange": "binance", "pair": "BTCUSDT", "inventory": {"Fund": {"USD": 8895371.819973705}, "BTCUSDT": 13.114276999999994}}
{"time": "2025-03-22 20:38:42.991240", "type": "buy", "price": 84213.33, "volume": 4.13787, "exchange": "binance", "pair": "BTCUSDT", "inventory": {"Fund": {"USD": 8546908.008166606}, "BTCUSDT": 17.252146999999994}}
{"time": "2025-03-22 20:38:42.991240", "type": "sell", "price": 84218.8, "volume": 0.47302, "exchange": "bitget", "pair": "BTCUSDT", "inventory": {"Fund": {"USD": 8586745.184942605}, "BTCUSDT": 16.779126999999995}}
{"time": "2025-03-22 20:38:44.768253", "type": "buy", "price": 84216.54, "volume": 4.56542, "exchange": "binance", "pair": "BTCUSDT", "inventory": {"Fund": {"USD": 8202261.308895805}, "BTCUSDT": 21.344546999999995}}
{"time": "2025-03-22 20:38:44.768253", "type": "sell", "price": 84218.8, "volume": 0.093653, "exchange": "bitget", "pair": "BTCUSDT", "inventory": {"Fund": {"USD": 8210148.652172205}, "BTCUSDT": 21.250893999999995}}
{"time": "2025-03-22 20:38:46.532551", "type": "buy", "price": 84216.54, "volume": 4.56542, "exchange": "binance", "pair": "BTCUSDT", "inventory": {"Fund": {"USD": 7825664.776125405}, "BTCUSDT": 25.816313999999995}}
{"time": "2025-03-22 20:38:46.532551", "type": "sell", "price": 84218.8, "volume": 0.093653, "exchange": "bitget", "pair": "BTCUSDT", "inventory": {"Fund": {"USD": 7833552.119401805}, "BTCUSDT": 25.722660999999995}}
{"time": "2025-03-22 20:38:48.267309", "type": "buy", "price": 84216.19, "volume": 4.15197, "exchange": "binance", "pair": "BTCUSDT", "inventory": {"Fund": {"USD": 7483889.025007505}, "BTCUSDT": 29.874630999999994}}
{"time": "2025-03-22 20:38:48.267309", "type": "sell", "price": 84218.8, "volume": 0.093653, "exchange": "bitget", "pair": "BTCUSDT", "inventory": {"Fund": {"USD": 7491776.368283905}, "BTCUSDT": 29.780977999999994}}
{"time": "2025-03-22 20:38:50.005696", "type": "buy", "price": 84215.11, "volume": 4.26082, "exchange": "binance", "pair": "BTCUSDT", "inventory": {"Fund": {"USD": 7132950.943293706}, "BTCUSDT": 34.04179799999999}}
{"time": "2025-03-22 20:38:50.005696", "type": "sell", "price": 84218.8, "volume": 0.093654, "exchange": "bitget", "pair": "BTCUSDT", "inventory": {"Fund": {"USD": 7140838.370788906}, "BTCUSDT": 33.94814399999999}}
{"time": "2025-03-22 20:38:51.788382", "type": "buy", "price": 84214.32, "volume": 4.95256, "exchange": "binance", "pair": "BTCUSDT", "inventory": {"Fund": {"USD": 6723761.898129705}, "BTCUSDT": 38.90070399999999}}
{"time": "2025-03-22 20:38:51.788382", "type": "sell", "price": 84218.8, "volume": 0.0, "exchange": "bitget", "pair": "BTCUSDT", "inventory": {"Fund": {"USD": 6723761.898129705}, "BTCUSDT": 38.90070399999999}}
{"time": "2025-03-22 20:38:53.545638", "type": "buy", "price": 84213.34, "volume": 4.94728, "exchange": "binance", "pair": "BTCUSDT", "inventory": {"Fund": {"USD": 6307134.925414505}, "BTCUSDT": 43.84798399999999}}
{"time": "2025-03-22 20:38:53.545638", "type": "sell", "price": 84218.8, "volume": 0.0001, "exchange": "bitget", "pair": "BTCUSDT", "inventory": {"Fund": {"USD": 6307143.347294506}, "BTCUSDT": 43.847883999999986}}
{"time": "2025-03-22 20:38:55.260682", "type": "buy", "price": 84218.81, "volume": 0.863521, "exchange": "bybit", "pair": "BTCUSDT", "inventory": {"Fund": {"USD": 6234418.636264496}, "BTCUSDT": 44.711404999999985}}
{"time": "2025-03-22 20:38:55.260682", "type": "sell", "price": 84227.7, "volume": 0.863521, "exchange": "binance", "pair": "BTCUSDT", "inventory": {"Fund": {"USD": 6307151.023996196}, "BTCUSDT": 43.847883999999986}}
{"time": "2025-03-22 20:38:57.000193", "type": "buy", "price": 84218.81, "volume": 0.863521, "exchange": "bybit", "pair": "BTCUSDT", "inventory": {"Fund": {"USD": 6234426.312966186}, "BTCUSDT": 44.711404999999985}}
{"time": "2025-03-22 20:38:57.000193", "type": "sell", "price": 84227.7, "volume": 0.863521, "exchange": "binance", "pair": "BTCUSDT", "inventory": {"Fund": {"USD": 6307158.700697886}, "BTCUSDT": 43.847883999999986}}
{"time": "2025-03-22 20:38:58.791290", "type": "buy", "price": 84218.81, "volume": 1.333862, "exchange": "bitget", "pair": "BTCUSDT", "inventory": {"Fund": {"USD": 6194822.430353666}, "BTCUSDT": 45.18174599999999}}
{"time": "2025-03-22 20:38:58.791290", "type": "sell", "price": 84219.0, "volume": 1.23224, "exchange": "binance", "pair": "BTCUSDT", "inventory": {"Fund": {"USD": 6298600.450913666}, "BTCUSDT": 43.94950599999999}}
{"time": "2025-03-22 20:39:00.548153", "type": "buy", "price": 84218.81, "volume": 0.803316, "exchange": "bybit", "pair": "BTCUSDT", "inventory": {"Fund": {"USD": 6230946.133339706}, "BTCUSDT": 44.752821999999995}}
{"time": "2025-03-22 20:39:00.548153", "type": "sell", "price": 84229.2, "volume": 0.803316, "exchange": "binance", "pair": "BTCUSDT", "inventory": {"Fund": {"USD": 6298608.797366906}, "BTCUSDT": 43.94950599999999}}
{"time": "2025-03-22 20:39:02.247606", "type": "buy", "price": 84220.0, "volume": 0.707094, "exchange": "bybit", "pair": "BTCUSDT", "inventory": {"Fund": {"USD": 6239057.340686906}, "BTCUSDT": 44.65659999999999}}
{"time": "2025-03-22 20:39:02.247606", "type": "sell", "price": 84229.9, "volume": 0.0, "exchange": "binance", "pair": "BTCUSDT", "inventory": {"Fund": {"USD": 6239057.340686906}, "BTCUSDT": 44.65659999999999}}
{"time": "2025-03-22 20:39:03.961592", "type": "buy", "price": 84219.01, "volume": 7.31867, "exchange": "binance", "pair": "BTCUSDT", "inventory": {"Fund": {"USD": 5622686.198770206}, "BTCUSDT": 51.97526999999999}}
{"time": "2025-03-22 20:39:03.961592", "type": "sell", "price": 84226.13, "volume": 0.117309, "exchange": "bitget", "pair": "BTCUSDT", "inventory": {"Fund": {"USD": 5632566.681854377}, "BTCUSDT": 51.85796099999999}}
{"time": "2025-03-22 20:39:05.708147", "type": "buy", "price": 84219.01, "volume": 7.31867, "exchange": "binance", "pair": "BTCUSDT", "inventory": {"Fund": {"USD": 5016195.539937677}, "BTCUSDT": 59.176630999999986}}
{"time": "2025-03-22 20:39:05.708147", "type": "sell", "price": 84226.13, "volume": 0.117309, "exchange": "bitget", "pair": "BTCUSDT", "inventory": {"Fund": {"USD": 5026076.023021847}, "BTCUSDT": 59.05932199999999}}
{"time": "2025-03-22 20:39:07.443604", "type": "buy", "price": 84225.57, "volume": 1.140601, "exchange": "bybit", "pair": "BTCUSDT", "inventory": {"Fund": {"USD": 4930008.253654277}, "BTCUSDT": 60.199922999999984}}
{"time": "2025-03-22 20:39:07.443604", "type": "sell", "price": 84230.8, "volume": 0.044385, "exchange": "bitget", "pair": "BTCUSDT", "inventory": {"Fund": {"USD": 4933746.837712277}, "BTCUSDT": 60.155537999999986}}
{"time": "2025-03-22 20:39:09.177372", "type": "buy", "price": 84219.01, "volume": 7.98294, "exchange": "binance", "pair": "BTCUSDT", "inventory": {"Fund": {"USD": 4261431.534022877}, "BTCUSDT": 68.13847799999999}}
{"time": "2025-03-22 20:39:09.177372", "type": "sell", "price": 84226.13, "volume": 0.571322, "exchange": "bitget", "pair": "BTCUSDT", "inventory": {"Fund": {"USD": 4309551.775066737}, "BTCUSDT": 67.567156}}
{"time": "2025-03-22 20:39:10.910757", "type": "buy", "price": 84220.77, "volume": 8.02265, "exchange": "binance", "pair": "BTCUSDT", "inventory": {"Fund": {"USD": 3633878.014626237}, "BTCUSDT": 75.589806}}
{"time": "2025-03-22 20:39:10.910757", "type": "sell", "price": 84226.13, "volume": 0.093642, "exchange": "bitget", "pair": "BTCUSDT", "inventory": {"Fund": {"USD": 3641765.117891697}, "BTCUSDT": 75.496164}}
{"time": "2025-03-22 20:39:12.613201", "type": "buy", "price": 84220.77, "volume": 8.02265, "exchange": "binance", "pair": "BTCUSDT", "inventory": {"Fund": {"USD": 2966091.357451197}, "BTCUSDT": 83.51881399999999}}
{"time": "2025-03-22 20:39:12.613201", "type": "sell", "price": 84226.13, "volume": 0.093642, "exchange": "bitget", "pair": "BTCUSDT", "inventory": {"Fund": {"USD": 2973978.4607166573}, "BTCUSDT": 83.42517199999999}}
{"time": "2025-03-22 20:39:14.336989", "type": "buy", "price": 84219.01, "volume": 8.79899, "exchange": "binance", "pair": "BTCUSDT", "inventory": {"Fund": {"USD": 2232936.2339167576}, "BTCUSDT": 92.22416199999999}}
{"time": "2025-03-22 20:39:14.336989", "type": "sell", "price": 84226.13, "volume": 0.569089, "exchange": "bitget", "pair": "BTCUSDT", "inventory": {"Fund": {"USD": 2280868.3980123275}, "BTCUSDT": 91.65507299999999}}
{"time": "2025-03-22 20:39:16.052348", "type": "buy", "price": 84219.01, "volume": 8.79899, "exchange": "binance", "pair": "BTCUSDT", "inventory": {"Fund": {"USD": 1539826.1712124276}, "BTCUSDT": 100.45406299999999}}
{"time": "2025-03-22 20:39:16.052348", "type": "sell", "price": 84226.13, "volume": 0.569089, "exchange": "bitget", "pair": "BTCUSDT", "inventory": {"Fund": {"USD": 1587758.3353079977}, "BTCUSDT": 99.88497399999999}}
{"time": "2025-03-22 20:39:17.796933", "type": "buy", "price": 84219.02, "volume": 0.939788, "exchange": "bybit", "pair": "BTCUSDT", "inventory": {"Fund": {"USD": 1508610.3109402377}, "BTCUSDT": 100.82476199999998}}
{"time": "2025-03-22 20:39:17.796933", "type": "sell", "price": 84230.8, "volume": 0.31152, "exchange": "bitget", "pair": "BTCUSDT", "inventory": {"Fund": {"USD": 1534849.8897562376}, "BTCUSDT": 100.51324199999998}}
{"time": "2025-03-22 20:39:19.558713", "type": "buy", "price": 84219.02, "volume": 0.939788, "exchange": "bybit", "pair": "BTCUSDT", "inventory": {"Fund": {"USD": 1455701.8653884777}, "BTCUSDT": 101.45302999999997}}
{"time": "2025-03-22 20:39:19.558713", "type": "sell", "price": 84230.8, "volume": 0.31152, "exchange": "bitget", "pair": "BTCUSDT", "inventory": {"Fund": {"USD": 1481941.4442044776}, "BTCUSDT": 101.14150999999997}}
{"time": "2025-03-22 20:39:21.317331", "type": "buy", "price": 84220.11, "volume": 7.78291, "exchange": "binance", "pair": "BTCUSDT", "inventory": {"Fund": {"USD": 826463.9078843775}, "BTCUSDT": 108.92441999999997}}
{"time": "2025-03-22 20:39:21.317331", "type": "sell", "price": 84226.13, "volume": 0.093643, "exchange": "bitget", "pair": "BTCUSDT", "inventory": {"Fund": {"USD": 834351.0953759676}, "BTCUSDT": 108.83077699999997}}
{"time": "2025-03-22 20:39:23.062959", "type": "sell", "price": 84226.13, "volume": 8.98125, "exchange": "binance", "pair": "BTCUSDT", "inventory": {"Fund": {"USD": 1590807.0254384675}, "BTCUSDT": 99.84952699999997}}
{"time": "2025-03-22 20:39:24.838192", "type": "buy", "price": 84214.06, "volume": 0.005061, "exchange": "bybit", "pair": "BTCUSDT", "inventory": {"Fund": {"USD": 1590380.8180808076}, "BTCUSDT": 99.85458799999996}}
{"time": "2025-03-22 20:39:24.838192", "type": "sell", "price": 84216.1, "volume": 0.005061, "exchange": "binance", "pair": "BTCUSDT", "inventory": {"Fund": {"USD": 1590807.0357629075}, "BTCUSDT": 99.84952699999997}}
{"time": "2025-03-22 20:39:26.553310", "type": "buy", "price": 84214.06, "volume": 0.005061, "exchange": "bybit", "pair": "BTCUSDT", "inventory": {"Fund": {"USD": 1590380.8284052475}, "BTCUSDT": 99.85458799999996}}
{"time": "2025-03-22 20:39:26.553310", "type": "sell", "price": 84216.1, "volume": 0.005061, "exchange": "binance", "pair": "BTCUSDT", "inventory": {"Fund": {"USD": 1590807.0460873474}, "BTCUSDT": 99.84952699999997}}
{"time": "2025-03-22 20:39:28.285463", "type": "buy", "price": 84209.88, "volume": 0.425712, "exchange": "bybit", "pair": "BTCUSDT", "inventory": {"Fund": {"USD": 1554957.8896527875}, "BTCUSDT": 100.27523899999997}}
{"time": "2025-03-22 20:39:28.285463", "type": "sell", "price": 84211.6, "volume": 0.425712, "exchange": "binance", "pair": "BTCUSDT", "inventory": {"Fund": {"USD": 1590807.7783119874}, "BTCUSDT": 99.84952699999997}}
{"time": "2025-03-22 20:39:30.020770", "type": "buy", "price": 84209.88, "volume": 0.037643, "exchange": "bitget", "pair": "BTCUSDT", "inventory": {"Fund": {"USD": 1587637.8657991474}, "BTCUSDT": 99.88716999999997}}
{"time": "2025-03-22 20:39:30.020770", "type": "sell", "price": 84210.51, "volume": 0.037643, "exchange": "binance", "pair": "BTCUSDT", "inventory": {"Fund": {"USD": 1590807.8020270774}, "BTCUSDT": 99.84952699999997}}
{"time": "2025-03-22 20:39:31.755252", "type": "buy", "price": 84209.88, "volume": 0.037643, "exchange": "bitget", "pair": "BTCUSDT", "inventory": {"Fund": {"USD": 1587637.8895142374}, "BTCUSDT": 99.88716999999997}}
{"time": "2025-03-22 20:39:31.755252", "type": "sell", "price": 84210.51, "volume": 0.037643, "exchange": "binance", "pair": "BTCUSDT", "inventory": {"Fund": {"USD": 1590807.8257421674}, "BTCUSDT": 99.84952699999997}}
{"time": "2025-03-22 20:39:33.499508", "type": "buy", "price": 84209.88, "volume": 0.537785, "exchange": "bybit", "pair": "BTCUSDT", "inventory": {"Fund": {"USD": 1545521.0154263675}, "BTCUSDT": 100.38731199999997}}
{"time": "2025-03-22 20:39:33.499508", "type": "sell", "price": 84211.6, "volume": 0.537785, "exchange": "binance", "pair": "BTCUSDT", "inventory": {"Fund": {"USD": 1590808.7507323676}, "BTCUSDT": 99.84952699999997}}
{"time": "2025-03-22 20:39:35.257241", "type": "buy", "price": 84209.88, "volume": 0.607118, "exchange": "bybit", "pair": "BTCUSDT", "inventory": {"Fund": {"USD": 1539683.4168065276}, "BTCUSDT": 100.45664499999997}}
{"time": "2025-03-22 20:39:35.257241", "type": "sell", "price": 84211.6, "volume": 0.607118, "exchange": "binance", "pair": "BTCUSDT", "inventory": {"Fund": {"USD": 1590809.7949753276}, "BTCUSDT": 99.84952699999997}}
{"time": "2025-03-22 20:39:36.996493", "type": "buy", "price": 84209.88, "volume": 0.607118, "exchange": "bybit", "pair": "BTCUSDT", "inventory": {"Fund": {"USD": 1539684.4610494876}, "BTCUSDT": 100.45664499999997}}
{"time": "2025-03-22 20:39:36.996493", "type": "sell", "price": 84211.6, "volume": 0.607118, "exchange": "binance", "pair": "BTCUSDT", "inventory": {"Fund": {"USD": 1590810.8392182875}, "BTCUSDT": 99.84952699999997}}
{"time": "2025-03-22 20:39:38.737147", "type": "buy", "price": 84209.88, "volume": 0.037649, "exchange": "bitget", "pair": "BTCUSDT", "inventory": {"Fund": {"USD": 1587640.4214461674}, "BTCUSDT": 99.88717599999997}}
{"time": "2025-03-22 20:39:38.737147", "type": "sell", "price": 84213.01, "volume": 0.037649, "exchange": "binance", "pair": "BTCUSDT", "inventory": {"Fund": {"USD": 1590810.9570596574}, "BTCUSDT": 99.84952699999997}}
{"time": "2025-03-22 20:39:40.462606", "type": "buy", "price": 84209.88, "volume": 0.021174, "exchange": "bitget", "pair": "BTCUSDT", "inventory": {"Fund": {"USD": 1589027.8970605375}, "BTCUSDT": 99.87070099999997}}
{"time": "2025-03-22 20:39:40.462606", "type": "sell", "price": 84215.15, "volume": 0.021174, "exchange": "binance", "pair": "BTCUSDT", "inventory": {"Fund": {"USD": 1590811.0686466375}, "BTCUSDT": 99.84952699999997}}
{"time": "2025-03-22 20:39:42.214513", "type": "buy", "price": 84209.88, "volume": 1.016022, "exchange": "bybit", "pair": "BTCUSDT", "inventory": {"Fund": {"USD": 1505251.9779492775}, "BTCUSDT": 100.86554899999997}}
{"time": "2025-03-22 20:39:42.214513", "type": "sell", "price": 84215.0, "volume": 1.016022, "exchange": "binance", "pair": "BTCUSDT", "inventory": {"Fund": {"USD": 1590816.2706792776}, "BTCUSDT": 99.84952699999997}}
{"time": "2025-03-22 20:39:43.959402", "type": "sell", "price": 84214.42, "volume": 4.22752, "exchange": "binance", "pair": "BTCUSDT", "inventory": {"Fund": {"USD": 1946834.4155176776}, "BTCUSDT": 95.62200699999997}}
{"time": "2025-03-22 20:39:45.719713", "type": "buy", "price": 84209.88, "volume": 0.852103, "exchange": "bitget", "pair": "BTCUSDT", "inventory": {"Fund": {"USD": 1875078.9241400375}, "BTCUSDT": 96.47410999999997}}
{"time": "2025-03-22 20:39:45.719713", "type": "sell", "price": 84217.0, "volume": 0.852103, "exchange": "binance", "pair": "BTCUSDT", "inventory": {"Fund": {"USD": 1946840.4824910376}, "BTCUSDT": 95.62200699999997}}
{"time": "2025-03-22 20:39:47.464019", "type": "buy", "price": 84209.88, "volume": 0.037685, "exchange": "bitget", "pair": "BTCUSDT", "inventory": {"Fund": {"USD": 1943667.0331632376}, "BTCUSDT": 95.65969199999996}}
{"time": "2025-03-22 20:39:47.464019", "type": "sell", "price": 84215.29, "volume": 0.037685, "exchange": "binance", "pair": "BTCUSDT", "inventory": {"Fund": {"USD": 1946840.6863668875}, "BTCUSDT": 95.62200699999997}}
{"time": "2025-03-22 20:39:49.201012", "type": "buy", "price": 84209.88, "volume": 0.037685, "exchange": "bitget", "pair": "BTCUSDT", "inventory": {"Fund": {"USD": 1943667.2370390876}, "BTCUSDT": 95.65969199999996}}
{"time": "2025-03-22 20:39:49.201012", "type": "sell", "price": 84215.47, "volume": 0.037685, "exchange": "binance", "pair": "BTCUSDT", "inventory": {"Fund": {"USD": 1946840.8970260376}, "BTCUSDT": 95.62200699999997}}
{"time": "2025-03-22 20:39:50.966813", "type": "buy", "price": 84209.88, "volume": 0.037691, "exchange": "bitget", "pair": "BTCUSDT", "inventory": {"Fund": {"USD": 1943666.9424389575}, "BTCUSDT": 95.65969799999996}}
{"time": "2025-03-22 20:39:50.966813", "type": "sell", "price": 84215.63, "volume": 0.037691, "exchange": "binance", "pair": "BTCUSDT", "inventory": {"Fund": {"USD": 1946841.1137492876}, "BTCUSDT": 95.62200699999997}}
{"time": "2025-03-22 20:39:52.727448", "type": "sell", "price": 84215.77, "volume": 4.62557, "exchange": "binance", "pair": "BTCUSDT", "inventory": {"Fund": {"USD": 2336387.0529881874}, "BTCUSDT": 90.99643699999997}}
{"time": "2025-03-22 20:39:54.479292", "type": "buy", "price": 84209.88, "volume": 0.829136, "exchange": "bitget", "pair": "BTCUSDT", "inventory": {"Fund": {"USD": 2266565.6099245073}, "BTCUSDT": 91.82557299999998}}
{"time": "2025-03-22 20:39:54.479292", "type": "sell", "price": 84217.0, "volume": 0.829136, "exchange": "binance", "pair": "BTCUSDT", "inventory": {"Fund": {"USD": 2336392.9564365074}, "BTCUSDT": 90.99643699999997}}
{"time": "2025-03-22 20:39:56.235435", "type": "buy", "price": 84209.88, "volume": 0.032504, "exchange": "bitget", "pair": "BTCUSDT", "inventory": {"Fund": {"USD": 2333655.798496987}, "BTCUSDT": 91.02894099999997}}
{"time": "2025-03-22 20:39:56.235435", "type": "sell", "price": 84216.06, "volume": 0.032504, "exchange": "binance", "pair": "BTCUSDT", "inventory": {"Fund": {"USD": 2336393.157311227}, "BTCUSDT": 90.99643699999997}}
{"time": "2025-03-22 20:39:58.123453", "type": "sell", "price": 84216.13, "volume": 3.90514, "exchange": "binance", "pair": "BTCUSDT", "inventory": {"Fund": {"USD": 2665268.935219427}, "BTCUSDT": 87.09129699999997}}
{"time": "2025-03-22 20:39:59.878885", "type": "buy", "price": 84209.88, "volume": 0.037712, "exchange": "bitget", "pair": "BTCUSDT", "inventory": {"Fund": {"USD": 2662093.212224867}, "BTCUSDT": 87.12900899999997}}
{"time": "2025-03-22 20:39:59.878885", "type": "sell", "price": 84216.26, "volume": 0.037712, "exchange": "binance", "pair": "BTCUSDT", "inventory": {"Fund": {"USD": 2665269.175821987}, "BTCUSDT": 87.09129699999997}}
{"time": "2025-03-22 20:40:01.639360", "type": "buy", "price": 84212.84, "volume": 0.037718, "exchange": "bitget", "pair": "BTCUSDT", "inventory": {"Fund": {"USD": 2662092.835922867}, "BTCUSDT": 87.12901499999997}}
{"time": "2025-03-22 20:40:01.639360", "type": "sell", "price": 84216.34, "volume": 0.0, "exchange": "binance", "pair": "BTCUSDT", "inventory": {"Fund": {"USD": 2662092.835922867}, "BTCUSDT": 87.12901499999997}}
{"time": "2025-03-22 20:40:03.402365", "type": "buy", "price": 84209.88, "volume": 0.002, "exchange": "bybit", "pair": "BTCUSDT", "inventory": {"Fund": {"USD": 2661924.416162867}, "BTCUSDT": 87.13101499999996}}
{"time": "2025-03-22 20:40:03.402365", "type": "sell", "price": 84211.5, "volume": 0.002, "exchange": "binance", "pair": "BTCUSDT", "inventory": {"Fund": {"USD": 2662092.839162867}, "BTCUSDT": 87.12901499999997}}
{"time": "2025-03-22 20:40:05.177800", "type": "buy", "price": 84209.88, "volume": 0.812185, "exchange": "bitget", "pair": "BTCUSDT", "inventory": {"Fund": {"USD": 2593698.837775067}, "BTCUSDT": 87.94119999999997}}
{"time": "2025-03-22 20:40:05.177800", "type": "sell", "price": 84217.0, "volume": 0.812185, "exchange": "binance", "pair": "BTCUSDT", "inventory": {"Fund": {"USD": 2662098.621920067}, "BTCUSDT": 87.12901499999997}}
{"time": "2025-03-22 20:40:06.937392", "type": "buy", "price": 84209.88, "volume": 0.037727, "exchange": "bitget", "pair": "BTCUSDT", "inventory": {"Fund": {"USD": 2658921.6357773067}, "BTCUSDT": 87.16674199999997}}
{"time": "2025-03-22 20:40:06.937392", "type": "sell", "price": 84216.55, "volume": 0.037727, "exchange": "binance", "pair": "BTCUSDT", "inventory": {"Fund": {"USD": 2662098.873559157}, "BTCUSDT": 87.12901499999997}}
{"time": "2025-03-22 20:40:08.687376", "type": "sell", "price": 84215.22, "volume": 5.68063, "exchange": "binance", "pair": "BTCUSDT", "inventory": {"Fund": {"USD": 3140494.378747757}, "BTCUSDT": 81.44838499999997}}
{"time": "2025-03-22 20:40:10.466100", "type": "buy", "price": 84209.88, "volume": 0.037728, "exchange": "bitget", "pair": "BTCUSDT", "inventory": {"Fund": {"USD": 3137317.308395117}, "BTCUSDT": 81.48611299999997}}
{"time": "2025-03-22 20:40:10.466100", "type": "sell", "price": 84216.65, "volume": 0.037728, "exchange": "binance", "pair": "BTCUSDT", "inventory": {"Fund": {"USD": 3140494.634166317}, "BTCUSDT": 81.44838499999997}}
{"time": "2025-03-22 20:40:12.196018", "type": "buy", "price": 84209.88, "volume": 0.037728, "exchange": "bitget", "pair": "BTCUSDT", "inventory": {"Fund": {"USD": 3137317.563813677}, "BTCUSDT": 81.48611299999997}}
{"time": "2025-03-22 20:40:12.196018", "type": "sell", "price": 84216.69, "volume": 0.037728, "exchange": "binance", "pair": "BTCUSDT", "inventory": {"Fund": {"USD": 3140494.8910939973}, "BTCUSDT": 81.44838499999997}}
{"time": "2025-03-22 20:40:13.963398", "type": "buy", "price": 84209.88, "volume": 0.037728, "exchange": "bitget", "pair": "BTCUSDT", "inventory": {"Fund": {"USD": 3137317.8207413573}, "BTCUSDT": 81.48611299999997}}
{"time": "2025-03-22 20:40:13.963398", "type": "sell", "price": 84216.69, "volume": 0.037728, "exchange": "binance", "pair": "BTCUSDT", "inventory": {"Fund": {"USD": 3140495.1480216775}, "BTCUSDT": 81.44838499999997}}
{"time": "2025-03-22 20:40:15.738918", "type": "buy", "price": 84209.88, "volume": 0.037728, "exchange": "bitget", "pair": "BTCUSDT", "inventory": {"Fund": {"USD": 3137318.0776690375}, "BTCUSDT": 81.48611299999997}}
{"time": "2025-03-22 20:40:15.738918", "type": "sell", "price": 84216.69, "volume": 0.037728, "exchange": "binance", "pair": "BTCUSDT", "inventory": {"Fund": {"USD": 3140495.4049493577}, "BTCUSDT": 81.44838499999997}}
{"time": "2025-03-22 20:40:17.467153", "type": "buy", "price": 84209.88, "volume": 0.037728, "exchange": "bitget", "pair": "BTCUSDT", "inventory": {"Fund": {"USD": 3137318.3345967177}, "BTCUSDT": 81.48611299999997}}
{"time": "2025-03-22 20:40:17.467153", "type": "sell", "price": 84216.69, "volume": 0.037728, "exchange": "binance", "pair": "BTCUSDT", "inventory": {"Fund": {"USD": 3140495.661877038}, "BTCUSDT": 81.44838499999997}}
{"time": "2025-03-22 20:40:19.190428", "type": "buy", "price": 84209.88, "volume": 0.037728, "exchange": "bitget", "pair": "BTCUSDT", "inventory": {"Fund": {"USD": 3137318.591524398}, "BTCUSDT": 81.48611299999997}}
{"time": "2025-03-22 20:40:19.190428", "type": "sell", "price": 84216.69, "volume": 0.037728, "exchange": "binance", "pair": "BTCUSDT", "inventory": {"Fund": {"USD": 3140495.918804718}, "BTCUSDT": 81.44838499999997}}
{"time": "2025-03-22 20:40:20.934645", "type": "buy", "price": 84209.88, "volume": 0.037728, "exchange": "bitget", "pair": "BTCUSDT", "inventory": {"Fund": {"USD": 3137318.848452078}, "BTCUSDT": 81.48611299999997}}
{"time": "2025-03-22 20:40:20.934645", "type": "sell", "price": 84216.69, "volume": 0.037728, "exchange": "binance", "pair": "BTCUSDT", "inventory": {"Fund": {"USD": 3140496.1757323984}, "BTCUSDT": 81.44838499999997}}
{"time": "2025-03-22 20:40:22.648358", "type": "buy", "price": 84209.88, "volume": 0.811565, "exchange": "bitget", "pair": "BTCUSDT", "inventory": {"Fund": {"USD": 3072154.3844701983}, "BTCUSDT": 82.25994999999998}}
{"time": "2025-03-22 20:40:22.648358", "type": "sell", "price": 84217.0, "volume": 0.811565, "exchange": "binance", "pair": "BTCUSDT", "inventory": {"Fund": {"USD": 3140501.954075198}, "BTCUSDT": 81.44838499999997}}
{"time": "2025-03-22 20:40:24.383692", "type": "buy", "price": 84209.88, "volume": 0.811565, "exchange": "bitget", "pair": "BTCUSDT", "inventory": {"Fund": {"USD": 3072160.162812998}, "BTCUSDT": 82.25994999999998}}
{"time": "2025-03-22 20:40:24.383692", "type": "sell", "price": 84217.0, "volume": 0.811565, "exchange": "binance", "pair": "BTCUSDT", "inventory": {"Fund": {"USD": 3140507.732417998}, "BTCUSDT": 81.44838499999997}}
{"time": "2025-03-22 20:40:26.124826", "type": "buy", "price": 84209.88, "volume": 0.811565, "exchange": "bitget", "pair": "BTCUSDT", "inventory": {"Fund": {"USD": 3072165.941155798}, "BTCUSDT": 82.25994999999998}}
{"time": "2025-03-22 20:40:26.124826", "type": "sell", "price": 84217.0, "volume": 0.811565, "exchange": "binance", "pair": "BTCUSDT", "inventory": {"Fund": {"USD": 3140513.5107607977}, "BTCUSDT": 81.44838499999997}}
{"time": "2025-03-22 20:40:27.827374", "type": "buy", "price": 84209.88, "volume": 0.811565, "exchange": "bitget", "pair": "BTCUSDT", "inventory": {"Fund": {"USD": 3072171.7194985976}, "BTCUSDT": 82.25994999999998}}
{"time": "2025-03-22 20:40:27.827374", "type": "sell", "price": 84217.0, "volume": 0.811565, "exchange": "binance", "pair": "BTCUSDT", "inventory": {"Fund": {"USD": 3140519.2891035974}, "BTCUSDT": 81.44838499999997}}
{"time": "2025-03-22 20:40:29.561303", "type": "sell", "price": 84216.75, "volume": 6.00856, "exchange": "binance", "pair": "BTCUSDT", "inventory": {"Fund": {"USD": 3646540.6844835975}, "BTCUSDT": 75.43982499999997}}
{"time": "2025-03-22 20:40:31.305980", "type": "sell", "price": 84216.78, "volume": 6.00811, "exchange": "binance", "pair": "BTCUSDT", "inventory": {"Fund": {"USD": 4152524.3625693973}, "BTCUSDT": 69.43171499999997}}
{"time": "2025-03-22 20:40:33.049335", "type": "sell", "price": 84216.78, "volume": 6.00811, "exchange": "binance", "pair": "BTCUSDT", "inventory": {"Fund": {"USD": 4658508.040655198}, "BTCUSDT": 63.42360499999997}}
{"time": "2025-03-22 20:40:34.757915", "type": "sell", "price": 84216.78, "volume": 6.00811, "exchange": "binance", "pair": "BTCUSDT", "inventory": {"Fund": {"USD": 5164491.718740998}, "BTCUSDT": 57.415494999999964}}
{"time": "2025-03-22 20:40:36.527763", "type": "sell", "price": 84216.78, "volume": 6.00811, "exchange": "binance", "pair": "BTCUSDT", "inventory": {"Fund": {"USD": 5670475.396826798}, "BTCUSDT": 51.40738499999996}}
{"time": "2025-03-22 20:40:38.265969", "type": "sell", "price": 84216.78, "volume": 6.00811, "exchange": "binance", "pair": "BTCUSDT", "inventory": {"Fund": {"USD": 6176459.074912598}, "BTCUSDT": 45.39927499999996}}
{"time": "2025-03-22 20:40:40.004529", "type": "sell", "price": 84216.78, "volume": 6.00811, "exchange": "binance", "pair": "BTCUSDT", "inventory": {"Fund": {"USD": 6682442.752998399}, "BTCUSDT": 39.39116499999996}}
{"time": "2025-03-22 20:40:41.735893", "type": "sell", "price": 84216.78, "volume": 6.00811, "exchange": "binance", "pair": "BTCUSDT", "inventory": {"Fund": {"USD": 7188426.431084199}, "BTCUSDT": 33.383054999999956}}
{"time": "2025-03-22 20:40:43.460262", "type": "sell", "price": 84216.78, "volume": 6.00811, "exchange": "binance", "pair": "BTCUSDT", "inventory": {"Fund": {"USD": 7694410.109169999}, "BTCUSDT": 27.374944999999954}}
{"time": "2025-03-22 20:40:45.204290", "type": "sell", "price": 84216.78, "volume": 6.00811, "exchange": "binance", "pair": "BTCUSDT", "inventory": {"Fund": {"USD": 8200393.787255799}, "BTCUSDT": 21.366834999999952}}
{"time": "2025-03-22 20:40:46.978285", "type": "sell", "price": 84209.87, "volume": 0.764391, "exchange": "bybit", "pair": "BTCUSDT", "inventory": {"Fund": {"USD": 8264763.053994969}, "BTCUSDT": 20.602443999999952}}
{"time": "2025-03-22 20:40:48.720995", "type": "sell", "price": 84209.87, "volume": 0.764391, "exchange": "bybit", "pair": "BTCUSDT", "inventory": {"Fund": {"USD": 8329132.3207341395}, "BTCUSDT": 19.838052999999952}}
{"time": "2025-03-22 20:40:50.460731", "type": "sell", "price": 84209.87, "volume": 0.764391, "exchange": "bybit", "pair": "BTCUSDT", "inventory": {"Fund": {"USD": 8393501.587473309}, "BTCUSDT": 19.073661999999953}}
{"time": "2025-03-22 20:40:52.212478", "type": "sell", "price": 84209.87, "volume": 0.764391, "exchange": "bybit", "pair": "BTCUSDT", "inventory": {"Fund": {"USD": 8457870.854212478}, "BTCUSDT": 18.309270999999953}}
{"time": "2025-03-22 20:40:53.950105", "type": "buy", "price": 84200.01, "volume": 0.509777, "exchange": "bybit", "pair": "BTCUSDT", "inventory": {"Fund": {"USD": 8414947.625714708}, "BTCUSDT": 18.819047999999952}}
{"time": "2025-03-22 20:40:53.950105", "type": "sell", "price": 84201.0, "volume": 0.509777, "exchange": "binance", "pair": "BTCUSDT", "inventory": {"Fund": {"USD": 8457871.358891709}, "BTCUSDT": 18.309270999999953}}
{"time": "2025-03-22 20:40:55.711310", "type": "buy", "price": 84200.01, "volume": 0.509358, "exchange": "bybit", "pair": "BTCUSDT", "inventory": {"Fund": {"USD": 8414983.41019813}, "BTCUSDT": 18.81862899999995}}
{"time": "2025-03-22 20:40:55.711310", "type": "sell", "price": 84201.0, "volume": 0.509358, "exchange": "binance", "pair": "BTCUSDT", "inventory": {"Fund": {"USD": 8457871.86315613}, "BTCUSDT": 18.309270999999953}}
{"time": "2025-03-22 20:40:57.506197", "type": "buy", "price": 84200.01, "volume": 0.686958, "exchange": "bybit", "pair": "BTCUSDT", "inventory": {"Fund": {"USD": 8400029.992686551}, "BTCUSDT": 18.996228999999953}}
{"time": "2025-03-22 20:40:57.506197", "type": "sell", "price": 84201.0, "volume": 0.686958, "exchange": "binance", "pair": "BTCUSDT", "inventory": {"Fund": {"USD": 8457872.543244552}, "BTCUSDT": 18.309270999999953}}
{"time": "2025-03-22 20:40:59.278067", "type": "buy", "price": 84200.01, "volume": 0.686958, "exchange": "bybit", "pair": "BTCUSDT", "inventory": {"Fund": {"USD": 8400030.672774972}, "BTCUSDT": 18.996228999999953}}
{"time": "2025-03-22 20:40:59.278067", "type": "sell", "price": 84201.0, "volume": 0.686958, "exchange": "binance", "pair": "BTCUSDT", "inventory": {"Fund": {"USD": 8457873.223332973}, "BTCUSDT": 18.309270999999953}}
{"time": "2025-03-22 20:41:01.032276", "type": "buy", "price": 84200.01, "volume": 0.686958, "exchange": "bybit", "pair": "BTCUSDT", "inventory": {"Fund": {"USD": 8400031.352863394}, "BTCUSDT": 18.996228999999953}}
{"time": "2025-03-22 20:41:01.032276", "type": "sell", "price": 84201.0, "volume": 0.686958, "exchange": "binance", "pair": "BTCUSDT", "inventory": {"Fund": {"USD": 8457873.903421395}, "BTCUSDT": 18.309270999999953}}
{"time": "2025-03-22 20:41:02.802614", "type": "buy", "price": 84200.01, "volume": 3.244556, "exchange": "bitget", "pair": "BTCUSDT", "inventory": {"Fund": {"USD": 8184682.255775834}, "BTCUSDT": 21.553826999999952}}
{"time": "2025-03-22 20:41:02.802614", "type": "sell", "price": 84201.59, "volume": 3.244556, "exchange": "binance", "pair": "BTCUSDT", "inventory": {"Fund": {"USD": 8457879.029819874}, "BTCUSDT": 18.309270999999953}}
{"time": "2025-03-22 20:41:04.573411", "type": "buy", "price": 84200.01, "volume": 3.244556, "exchange": "bitget", "pair": "BTCUSDT", "inventory": {"Fund": {"USD": 8184687.382174314}, "BTCUSDT": 21.553826999999952}}
{"time": "2025-03-22 20:41:04.573411", "type": "sell", "price": 84201.59, "volume": 3.244556, "exchange": "binance", "pair": "BTCUSDT", "inventory": {"Fund": {"USD": 8457884.156218354}, "BTCUSDT": 18.309270999999953}}
{"time": "2025-03-22 20:41:06.342417", "type": "buy", "price": 84200.01, "volume": 3.244556, "exchange": "bitget", "pair": "BTCUSDT", "inventory": {"Fund": {"USD": 8184692.508572794}, "BTCUSDT": 21.553826999999952}}
{"time": "2025-03-22 20:41:06.342417", "type": "sell", "price": 84201.59, "volume": 3.244556, "exchange": "binance", "pair": "BTCUSDT", "inventory": {"Fund": {"USD": 8457889.282616833}, "BTCUSDT": 18.309270999999953}}
{"time": "2025-03-22 20:41:08.126315", "type": "buy", "price": 84200.01, "volume": 3.244556, "exchange": "bitget", "pair": "BTCUSDT", "inventory": {"Fund": {"USD": 8184697.634971273}, "BTCUSDT": 21.553826999999952}}
{"time": "2025-03-22 20:41:08.126315", "type": "sell", "price": 84201.59, "volume": 3.244556, "exchange": "binance", "pair": "BTCUSDT", "inventory": {"Fund": {"USD": 8457894.409015313}, "BTCUSDT": 18.309270999999953}}
{"time": "2025-03-22 20:41:09.888482", "type": "buy", "price": 84200.01, "volume": 3.244556, "exchange": "bitget", "pair": "BTCUSDT", "inventory": {"Fund": {"USD": 8184702.761369753}, "BTCUSDT": 21.553826999999952}}
{"time": "2025-03-22 20:41:09.888482", "type": "sell", "price": 84201.59, "volume": 3.244556, "exchange": "binance", "pair": "BTCUSDT", "inventory": {"Fund": {"USD": 8457899.535413792}, "BTCUSDT": 18.309270999999953}}
{"time": "2025-03-22 20:41:11.663260", "type": "buy", "price": 84200.01, "volume": 3.244556, "exchange": "bitget", "pair": "BTCUSDT", "inventory": {"Fund": {"USD": 8184707.887768232}, "BTCUSDT": 21.553826999999952}}
{"time": "2025-03-22 20:41:11.663260", "type": "sell", "price": 84201.59, "volume": 3.244556, "exchange": "binance", "pair": "BTCUSDT", "inventory": {"Fund": {"USD": 8457904.661812272}, "BTCUSDT": 18.309270999999953}}
{"time": "2025-03-22 20:41:13.430094", "type": "buy", "price": 84200.01, "volume": 3.244556, "exchange": "bitget", "pair": "BTCUSDT", "inventory": {"Fund": {"USD": 8184713.014166712}, "BTCUSDT": 21.553826999999952}}
{"time": "2025-03-22 20:41:13.430094", "type": "sell", "price": 84201.59, "volume": 3.244556, "exchange": "binance", "pair": "BTCUSDT", "inventory": {"Fund": {"USD": 8457909.788210751}, "BTCUSDT": 18.309270999999953}}
{"time": "2025-03-22 20:41:15.198557", "type": "buy", "price": 84200.01, "volume": 3.244556, "exchange": "bitget", "pair": "BTCUSDT", "inventory": {"Fund": {"USD": 8184718.140565191}, "BTCUSDT": 21.553826999999952}}
{"time": "2025-03-22 20:41:15.198557", "type": "sell", "price": 84201.59, "volume": 3.244556, "exchange": "binance", "pair": "BTCUSDT", "inventory": {"Fund": {"USD": 8457914.914609231}, "BTCUSDT": 18.309270999999953}}
{"time": "2025-03-22 20:41:16.991137", "type": "buy", "price": 84200.01, "volume": 3.244556, "exchange": "bitget", "pair": "BTCUSDT", "inventory": {"Fund": {"USD": 8184723.266963671}, "BTCUSDT": 21.553826999999952}}
{"time": "2025-03-22 20:41:16.991137", "type": "sell", "price": 84201.59, "volume": 3.244556, "exchange": "binance", "pair": "BTCUSDT", "inventory": {"Fund": {"USD": 8457920.04100771}, "BTCUSDT": 18.309270999999953}}
{"time": "2025-03-22 20:41:18.852237", "type": "buy", "price": 84200.01, "volume": 3.244556, "exchange": "bitget", "pair": "BTCUSDT", "inventory": {"Fund": {"USD": 8184728.3933621505}, "BTCUSDT": 21.553826999999952}}
{"time": "2025-03-22 20:41:18.852237", "type": "sell", "price": 84201.59, "volume": 3.244556, "exchange": "binance", "pair": "BTCUSDT", "inventory": {"Fund": {"USD": 8457925.16740619}, "BTCUSDT": 18.309270999999953}}
{"time": "2025-03-22 20:41:20.629083", "type": "buy", "price": 84200.01, "volume": 3.244556, "exchange": "bitget", "pair": "BTCUSDT", "inventory": {"Fund": {"USD": 8184733.51976063}, "BTCUSDT": 21.553826999999952}}
{"time": "2025-03-22 20:41:20.629083", "type": "sell", "price": 84201.59, "volume": 3.244556, "exchange": "binance", "pair": "BTCUSDT", "inventory": {"Fund": {"USD": 8457930.29380467}, "BTCUSDT": 18.309270999999953}}
{"time": "2025-03-22 20:41:22.413915", "type": "buy", "price": 84200.01, "volume": 0.776185, "exchange": "bybit", "pair": "BTCUSDT", "inventory": {"Fund": {"USD": 8392575.50904282}, "BTCUSDT": 19.085455999999954}}
{"time": "2025-03-22 20:41:22.413915", "type": "sell", "price": 84201.0, "volume": 0.776185, "exchange": "binance", "pair": "BTCUSDT", "inventory": {"Fund": {"USD": 8457931.06222782}, "BTCUSDT": 18.309270999999953}}
{"time": "2025-03-22 20:41:24.173505", "type": "buy", "price": 84200.01, "volume": 3.243142, "exchange": "bitget", "pair": "BTCUSDT", "inventory": {"Fund": {"USD": 8184858.473396399}, "BTCUSDT": 21.55241299999995}}
{"time": "2025-03-22 20:41:24.173505", "type": "sell", "price": 84201.59, "volume": 3.243142, "exchange": "binance", "pair": "BTCUSDT", "inventory": {"Fund": {"USD": 8457936.186392179}, "BTCUSDT": 18.309270999999953}}
{"time": "2025-03-22 20:41:25.946530", "type": "buy", "price": 84200.01, "volume": 3.243142, "exchange": "bitget", "pair": "BTCUSDT", "inventory": {"Fund": {"USD": 8184863.597560759}, "BTCUSDT": 21.55241299999995}}
{"time": "2025-03-22 20:41:25.946530", "type": "sell", "price": 84201.59, "volume": 3.243142, "exchange": "binance", "pair": "BTCUSDT", "inventory": {"Fund": {"USD": 8457941.310556538}, "BTCUSDT": 18.309270999999953}}
{"time": "2025-03-22 20:41:27.776482", "type": "buy", "price": 84200.01, "volume": 3.243142, "exchange": "bitget", "pair": "BTCUSDT", "inventory": {"Fund": {"USD": 8184868.721725118}, "BTCUSDT": 21.55241299999995}}
{"time": "2025-03-22 20:41:27.776482", "type": "sell", "price": 84201.59, "volume": 3.243142, "exchange": "binance", "pair": "BTCUSDT", "inventory": {"Fund": {"USD": 8457946.434720898}, "BTCUSDT": 18.309270999999953}}
{"time": "2025-03-22 20:41:29.559637", "type": "buy", "price": 84200.01, "volume": 0.774763, "exchange": "bybit", "pair": "BTCUSDT", "inventory": {"Fund": {"USD": 8392711.382373268}, "BTCUSDT": 19.084033999999953}}
{"time": "2025-03-22 20:41:29.559637", "type": "sell", "price": 84201.0, "volume": 0.774763, "exchange": "binance", "pair": "BTCUSDT", "inventory": {"Fund": {"USD": 8457947.201736268}, "BTCUSDT": 18.309270999999953}}
{"time": "2025-03-22 20:41:31.314352", "type": "buy", "price": 84200.01, "volume": 0.613547, "exchange": "bybit", "pair": "BTCUSDT", "inventory": {"Fund": {"USD": 8406286.538200798}, "BTCUSDT": 18.922817999999953}}
{"time": "2025-03-22 20:41:31.314352", "type": "sell", "price": 84201.0, "volume": 0.613547, "exchange": "binance", "pair": "BTCUSDT", "inventory": {"Fund": {"USD": 8457947.809147798}, "BTCUSDT": 18.309270999999953}}
{"time": "2025-03-22 20:41:33.102474", "type": "buy", "price": 84200.01, "volume": 0.613547, "exchange": "bybit", "pair": "BTCUSDT", "inventory": {"Fund": {"USD": 8406287.145612327}, "BTCUSDT": 18.922817999999953}}
{"time": "2025-03-22 20:41:33.102474", "type": "sell", "price": 84201.0, "volume": 0.613547, "exchange": "binance", "pair": "BTCUSDT", "inventory": {"Fund": {"USD": 8457948.416559327}, "BTCUSDT": 18.309270999999953}}
