{"success": true, "ret_msg": "subscribe", "conn_id": "66eef079-b2bf-427b-aa45-7a2115dcff7c", "op": "subscribe", "record_time": 1742142203.185055}
{"topic": "orderbook.200.BTCUSDT", "ts": 1742142203210, "type": "snapshot", "data": {"s": "BTCUSDT", "b": [["84290.34", "0.400062"], ["84289.32", "0.035388"], ["84286.72", "0.071191"], ["84285.92", "0.0002"], ["84285.91", "0.045105"], ["84284.32", "0.001467"], ["84284.16", "0.000252"], ["84283.51", "0.001333"], ["84282.44", "0.000233"], ["84281.92", "0.023088"], ["84281.91", "0.006142"], ["84281.9", "0.0006"], ["84280.86", "0.0002"], ["84279.89", "0.059408"], ["84279.69", "0.001467"], ["84279.52", "0.000252"], ["84279.3", "0.001333"], ["84279.25", "0.000614"], ["84279.2", "0.0006"], ["84279.02", "0.015082"], ["84278.33", "0.0002"], ["84278.27", "0.114477"], ["84278.2", "0.000099"], ["84278.09", "0.003"], ["84277.8", "0.001476"], ["84277.31", "0.0005"], ["84277.3", "0.000089"], ["84277.28", "0.000233"], ["84276.92", "0.060332"], ["84275.8", "0.0002"], ["84275.08", "0.001333"], ["84275.05", "0.001467"], ["84275.04", "0.000614"], ["84274.89", "0.000252"], ["84273.7", "0.04"], ["84273.5", "0.04"], ["84273.49", "0.075776"], ["84273.48", "0.162"], ["84273.27", "0.0002"], ["84273.17", "0.000233"], ["84273.14", "0.089922"], ["84272.64", "0.000233"], ["84272.03", "0.164562"], ["84271.46", "0.02"], ["84271.08", "0.00783"], ["84271.06", "0.182233"], ["84270.88", "0.068395"], ["84270.87", "0.001333"], ["84270.83", "0.000614"], ["84270.75", "0.0002"], ["84270.7", "0.02"], ["84270.53", "0.172288"], ["84270.42", "0.001467"], ["84270.25", "0.000252"], ["84270.1", "0.04"], ["84269.9", "0.02"], ["84268.96", "0.059948"], ["84268.85", "0.172377"], ["84268.53", "0.020233"], ["84268.22", "0.0002"], ["84268.01", "0.000233"], ["84267.69", "0.000297"], ["84267.23", "0.02"], ["84267.17", "0.208232"], ["84267.16", "0.23734"], ["84266.9", "0.001243"], ["84266.66", "0.001333"], ["84266.61", "0.000614"], ["84266.3", "0.04"], ["84266.13", "0.157678"], ["84265.9", "0.04"], ["84265.78", "0.001467"], ["84265.69", "0.0002"], ["84265.61", "0.000252"], ["84265.05", "0.162"], ["84264.5", "0.04"], ["84264.4", "0.04"], ["84264.3", "0.005932"], ["84264.1", "0.048"], ["84263.9", "0.000233"], ["84263.37", "0.000233"], ["84263.31", "0.237299"], ["84263.16", "0.0002"], ["84263.1", "0.321768"], ["84262.6", "0.04"], ["84262.44", "0.001333"], ["84262.4", "0.040614"], ["84261.92", "0.127301"], ["84261.15", "0.001467"], ["84260.98", "0.000252"], ["84260.63", "0.0002"], ["84260.52", "0.237299"], ["84260.4", "0.000089"], ["84260.02", "0.059948"], ["84259.7", "0.04"], ["84259.26", "0.000233"], ["84259.2", "0.04"], ["84258.74", "0.000233"], ["84258.44", "0.011746"], ["84258.23", "0.001333"], ["84258.18", "0.000614"], ["84258.11", "0.0002"], ["84257.91", "0.000335"], ["84257.57", "0.001343"], ["84257.28", "0.9"], ["84256.62", "0.162"], ["84256.51", "0.001467"], ["84256.39", "0.023729"], ["84256.35", "0.000252"], ["84256", "0.001243"], ["84255.58", "0.0002"], ["84255.21", "0.009039"], ["84255.01", "0.14017"], ["84254.92", "0.089922"], ["84254.63", "0.000233"], ["84254.1", "0.000233"], ["84254.09", "0.008453"], ["84254.02", "0.001333"], ["84253.97", "0.000614"], ["84253.47", "1.414353"], ["84253.37", "0.00893"], ["84253.05", "0.0002"], ["84252.95", "0.019876"], ["84252.49", "0.017796"], ["84252.4", "0.07122"], ["84251.95", "0.00009"], ["84251.88", "0.001467"], ["84251.71", "0.000252"], ["84251.45", "0.003"], ["84250.52", "0.0002"], ["84250", "0.000233"], ["84249.8", "0.001333"], ["84249.76", "0.000614"], ["84249.5", "0.001"], ["84249.47", "0.000233"], ["84249.31", "0.059948"], ["84249.05", "0.00338"], ["84249.03", "0.018313"], ["84249.01", "0.071223"], ["84248.07", "0.162"], ["84248", "0.0002"], ["84247.88", "0.177974"], ["84247.24", "0.001467"], ["84247.08", "0.000252"], ["84245.86", "0.000089"], ["84245.7", "0.005931"], ["84245.59", "0.001333"], ["84245.55", "0.000614"], ["84245.47", "0.0002"], ["84245.36", "0.000233"], ["84245.1", "0.001243"], ["84245", "0.000119"], ["84244.94", "0.023878"], ["84244.84", "0.000233"], ["84244.25", "0.005956"], ["84243.85", "0.32362"], ["84243.5", "0.00009"], ["84242.94", "0.0002"], ["84242.79", "0.059365"], ["84242.61", "0.001467"], ["84242.44", "0.000252"], ["84241.98", "0.017765"], ["84241.38", "0.001333"], ["84241.34", "0.000614"], ["84240.88", "0.35594"], ["84240.87", "0.059948"], ["84240.77", "0.023729"], ["84240.73", "0.000233"], ["84240.68", "0.2"], ["84240.41", "0.0002"], ["84240.21", "0.000989"], ["84240.2", "0.000233"], ["84239.64", "0.162"], ["84239.31", "0.0013"], ["84238.29", "0.004747"], ["84238.07", "0.118629"], ["84238.06", "0.11"], ["84238.04", "0.177974"], ["84237.98", "0.001467"], ["84237.89", "0.0002"], ["84237.81", "0.023981"], ["84237.69", "0.039641"], ["84237.68", "0.039641"], ["84237.49", "0.000357"], ["84237.17", "0.001333"], ["84237.12", "0.000613"], ["84236.1", "0.000233"], ["84235.8", "0.000335"], ["84235.57", "0.000233"], ["84235.36", "0.0002"], ["84235.05", "0.00009"], ["84234.81", "0.023729"], ["84234.2", "0.002401"], ["84234.01", "0.023729"], ["84233.35", "0.001467"], ["84233.18", "0.000252"], ["84233.14", "0.0025"], ["84232.95", "0.001333"], ["84232.91", "0.000613"], ["84232.83", "0.0002"]], "a": [["84290.35", "0.01266"], ["84290.97", "0.0002"], ["84291.19", "0.000233"], ["84291.71", "0.000233"], ["84291.9", "0.000614"], ["84291.94", "0.001333"], ["84292.46", "0.071186"], ["84293.43", "0.000252"], ["84293.5", "0.0002"], ["84293.59", "0.001467"], ["84295.5", "0.0005"], ["84295.82", "0.000233"], ["84296.03", "0.029799"], ["84296.11", "0.000614"], ["84296.12", "0.0001"], ["84296.15", "0.001333"], ["84296.35", "0.000233"], ["84296.44", "0.030678"], ["84297.08", "0.011862"], ["84297.15", "0.237234"], ["84298.06", "0.000252"], ["84298.23", "0.001467"], ["84298.56", "0.0002"], ["84298.6", "0.002483"], ["84300.33", "0.000614"], ["84300.37", "0.001333"], ["84300.46", "0.000233"], ["84300.87", "0.004656"], ["84300.98", "0.000233"], ["84301.09", "0.0002"], ["84301.25", "0.00783"], ["84301.35", "0.008453"], ["84301.9", "0.106697"], ["84302.62", "0.020996"], ["84302.7", "0.000252"], ["84302.87", "0.001467"], ["84303.62", "0.0002"], ["84303.78", "0.011862"], ["84303.79", "0.023724"], ["84303.85", "0.011858"], ["84304.2", "0.044"], ["84304.26", "0.237234"], ["84304.54", "0.000614"], ["84304.58", "0.001333"], ["84304.95", "0.000089"], ["84305.05", "0.001243"], ["84305.1", "0.000786"], ["84305.62", "0.000235"], ["84305.67", "0.083984"], ["84305.9", "0.044249"], ["84306.15", "0.0002"], ["84306.89", "0.115481"], ["84307.34", "0.000253"], ["84307.51", "0.001467"], ["84308.19", "0.059948"], ["84308.5", "0.009328"], ["84308.68", "0.0002"], ["84308.76", "0.000612"], ["84308.8", "0.001333"], ["84308.9", "0.068"], ["84309.1", "0.068"], ["84309.73", "0.000235"], ["84309.95", "0.189284"], ["84310.26", "0.000235"], ["84310.41", "0.015105"], ["84311.08", "0.018917"], ["84311.2", "0.0002"], ["84311.78", "0.017796"], ["84311.98", "0.000253"], ["84312.14", "0.001467"], ["84312.42", "0.023727"], ["84312.97", "0.000612"], ["84312.99", "0.140164"], ["84313.02", "0.001333"], ["84313.27", "0.000199"], ["84313.3", "0.056"], ["84313.34", "0.118617"], ["84313.46", "0.000089"], ["84313.73", "0.591478"], ["84313.74", "0.361876"], ["84313.85", "0.000335"], ["84313.9", "0.011746"], ["84313.91", "0.000989"], ["84314.16", "0.068395"], ["84314.28", "0.000759"], ["84314.37", "0.000235"], ["84314.9", "0.000235"], ["84315.32", "0.013764"], ["84315.95", "0.001243"], ["84316.26", "0.0002"], ["84316.61", "0.000253"], ["84316.78", "0.001467"], ["84316.94", "1.460986"], ["84316.97", "0.005"], ["84317.19", "0.000612"], ["84317.23", "0.001333"], ["84317.25", "0.000111"], ["84318.56", "0.024132"], ["84318.74", "0.137301"], ["84318.75", "0.237306"], ["84318.79", "0.0002"], ["84319", "0.066646"], ["84319.01", "0.000235"], ["84319.51", "0.237299"], ["84319.52", "0.059948"], ["84319.53", "0.000235"], ["84319.54", "0.00315"], ["84319.75", "0.005931"], ["84320", "0.000113"], ["84320.15", "0.005931"], ["84320.89", "0.237275"], ["84321.25", "0.000253"], ["84321.32", "0.0002"], ["84321.4", "0.000612"], ["84321.42", "0.001467"], ["84321.45", "0.001333"], ["84321.97", "0.000089"], ["84321.98", "0.162"], ["84322", "0.0006"], ["84322.11", "0.071161"], ["84322.26", "0.089922"], ["84322.29", "0.237275"], ["84322.36", "0.323318"], ["84322.7", "0.295282"], ["84322.82", "0.02465"], ["84322.94", "0.43153"], ["84323.31", "0.023728"], ["84323.65", "0.000235"], ["84323.71", "0.023728"], ["84323.85", "0.0002"], ["84324.17", "0.000235"], ["84324.62", "0.023727"], ["84325.1", "0.237275"], ["84325.62", "0.000612"], ["84325.66", "0.001333"], ["84325.89", "0.000253"], ["84325.92", "0.023729"], ["84326", "0.000119"], ["84326.06", "0.001467"], ["84326.38", "0.0002"], ["84326.41", "0.001347"], ["84326.51", "0.237275"], ["84328.04", "0.237306"], ["84328.06", "0.144041"], ["84328.28", "0.000235"], ["84328.81", "0.07139"], ["84328.91", "0.0002"], ["84329.28", "0.023729"], ["84329.5", "0.0006"], ["84329.74", "0.005972"], ["84329.84", "0.000612"], ["84329.88", "0.001333"], ["84329.99", "0.059948"], ["84330", "0.19987"], ["84330.41", "0.162"], ["84330.48", "0.000089"], ["84330.53", "0.000253"], ["84330.69", "0.001467"], ["84331.1", "0.246059"], ["84331.43", "0.001614"], ["84331.44", "0.0002"], ["84331.77", "0.026414"], ["84332.1", "0.0045"], ["84332.15", "0.177974"], ["84332.33", "0.0045"], ["84332.36", "0.0045"], ["84332.38", "0.015"], ["84332.5", "0.017796"], ["84332.56", "0.0045"], ["84332.92", "0.000235"], ["84333.12", "0.003"], ["84333.14", "0.0025"], ["84333.45", "0.000235"], ["84333.97", "0.0002"], ["84334.02", "0.000089"], ["84334.05", "0.000612"], ["84334.06", "0.237306"], ["84334.07", "1.780064"], ["84334.1", "0.001333"], ["84334.12", "0.0013"], ["84334.38", "0.022"], ["84334.93", "0.04"], ["84334.94", "0.04"], ["84335.16", "0.000253"], ["84335.3", "0.005931"], ["84335.33", "0.001467"], ["84335.96", "0.000335"], ["84336.5", "0.0002"], ["84336.55", "0.015"], ["84337.56", "0.000235"], ["84338.08", "0.000235"], ["84338.27", "0.000612"], ["84338.31", "0.001333"], ["84338.79", "0.000357"], ["84338.99", "0.000089"], ["84339.03", "0.0002"], ["84339.05", "0.0045"], ["84339.07", "0.0045"], ["84339.25", "0.0045"], ["84339.27", "0.0045"]], "u": 7510536, "seq": 66889259205}, "cts": 1742142203208, "record_time": 1742142203.18761}
{"topic": "orderbook.200.BTCUSDT", "ts": 1742142203410, "type": "delta", "data": {"s": "BTCUSDT", "b": [["84290.34", "0.400133"], ["84289.33", "0.0172"], ["84289.32", "0.021857"], ["84286.72", "0"], ["84285.91", "0"], ["84284.32", "0.07266"], ["84283.39", "0.0002"], ["84281.93", "0.01731"], ["84281.92", "0.051028"], ["84281.91", "0.005873"], ["84279.89", "0"], ["84278.76", "0.153941"], ["84278.75", "0.109447"], ["84278.47", "0.106524"], ["84278.27", "0"], ["84278.2", "0"], ["84277.11", "0.112879"], ["84276.29", "0.112736"], ["84275.5", "0.04"], ["84275", "0.04"], ["84273.49", "0.115673"], ["84273.31", "0.010973"], ["84273.14", "0"], ["84272.42", "0.237326"], ["84272.03", "0"], ["84271.7", "0.04"], ["84271.5", "0.048"], ["84270.87", "0.180382"], ["84270.67", "0.161203"], ["84270.53", "0"], ["84268.85", "0.000089"], ["84268.7", "0.04"], ["84268.5", "0.176714"], ["84268.3", "0.04"], ["84267.83", "0.160648"], ["84267.53", "0.237275"], ["84265.9", "0"], ["84264.74", "0.237275"], ["84264.5", "0"], ["84264.4", "0"], ["84264.1", "0"], ["84263.1", "0"], ["84263.08", "0.288687"], ["84262.88", "0.285993"], ["84262.6", "0"], ["84257.7", "0.265682"], ["84244.94", "0"], ["84240.88", "0"], ["84240.68", "0"], ["84234.01", "0"], ["84233.35", "0"], ["84233.18", "0"], ["84233.14", "0"], ["84232.95", "0"], ["84232.91", "0"], ["84232.83", "0"]], "a": [["84290.35", "0.0514"], ["84294.55", "0.000967"], ["84296.44", "0.000089"], ["84305.62", "0.000484"], ["84305.66", "0.101272"], ["84305.9", "0.044"], ["84306.81", "0.117977"], ["84306.89", "0"], ["84307.31", "0.106686"], ["84307.51", "0.117007"], ["84308.01", "0.024047"], ["84308.3", "0.06"], ["84309.81", "0.120206"], ["84309.95", "0"], ["84310.41", "0"], ["84311.7", "0.06"], ["84313.75", "0.169228"], ["84314.7", "0.048"], ["84315", "0.048"], ["84315.11", "0.158667"], ["84317.61", "0.175586"], ["84317.73", "0.16237"], ["84321.54", "0.290558"], ["84322.7", "0"], ["84322.9", "0.28734"], ["84323.72", "0.237275"], ["84325.41", "0.28302"], ["84327.86", "0.284682"], ["84334.93", "0"], ["84334.94", "0"], ["84335.73", "0.04"], ["84335.96", "0"], ["84336.5", "0"], ["84336.55", "0"], ["84337.56", "0"], ["84338.08", "0"], ["84338.27", "0"], ["84338.31", "0"], ["84338.79", "0"], ["84338.99", "0"], ["84339.03", "0"], ["84339.05", "0"], ["84339.07", "0"], ["84339.25", "0"], ["84339.27", "0"]], "u": 7510537, "seq": 66889259537}, "cts": 1742142203407, "record_time": 1742142203.189682}
{"topic": "orderbook.200.BTCUSDT", "ts": 1742142203610, "type": "delta", "data": {"s": "BTCUSDT", "b": [["84289.33", "0"], ["84289.32", "0"], ["84286.89", "0.033643"], ["84286.88", "0.0173"], ["84286.87", "0.071191"], ["84286.53", "0.000099"], ["84284.32", "0.001467"], ["84278.76", "0.193915"], ["84278.75", "0"], ["84278.47", "0.111161"], ["84277.12", "0.116225"], ["84277.11", "0"], ["84276.32", "0.112788"], ["84276.29", "0"], ["84271.99", "0.02"], ["84271.32", "0.02"], ["84271.2", "0.02"], ["84271.06", "0.345666"], ["84270.88", "0.249208"], ["84270.87", "0.001333"], ["84270.7", "0"], ["84270.68", "0.164261"], ["84270.67", "0"], ["84269.9", "0"], ["84269.7", "0.04"], ["84268.53", "0.190768"], ["84268.5", "0"], ["84267.84", "0.163514"], ["84267.83", "0"], ["84267.23", "0"], ["84266.3", "0"], ["84263.09", "0.27122"], ["84263.08", "0"], ["84262.88", "0.267191"], ["84262.4", "0.000614"], ["84260.73", "0.284829"], ["84259.7", "0"], ["84259.2", "0"], ["84257.71", "0.281081"], ["84257.7", "0"], ["84255.78", "0.023829"]], "a": [["84294.55", "0.011863"], ["84296.03", "0.0002"], ["84305.62", "0.000235"], ["84305.66", "0.216063"], ["84306.81", "0"], ["84306.82", "0.109592"], ["84307.31", "0"], ["84307.32", "0.111366"], ["84307.51", "0.001467"], ["84307.52", "0.117957"], ["84309.81", "0"], ["84309.84", "0.109976"], ["84313.75", "0"], ["84313.76", "0.167393"], ["84315.11", "0.164431"], ["84317.61", "0"], ["84317.64", "0.176343"], ["84317.73", "0.180054"], ["84320.89", "0"], ["84321.54", "0"], ["84321.55", "0.272227"], ["84322.9", "0"], ["84322.91", "0.282599"], ["84325.41", "0"], ["84325.44", "0.288466"], ["84327.86", "0"], ["84327.87", "0.272101"]], "u": 7510538, "seq": 66889259828}, "cts": 1742142203604, "record_time": 1742142203.190199}
{"topic": "orderbook.200.BTCUSDT", "ts": 1742142203809, "type": "delta", "data": {"s": "BTCUSDT", "b": [["84278.76", "0.257653"], ["84272.46", "0.02"], ["84271.46", "0"], ["84269.83", "0.02"], ["84268.53", "0.170768"], ["84257.29", "0.405555"], ["84240.88", "0.355937"], ["84235.05", "0"], ["84234.81", "0"], ["84234.2", "0"]], "a": [["84309.83", "0.164876"], ["84318.74", "0.29957"], ["84325.44", "0.295102"], ["84335.73", "0"]], "u": 7510539, "seq": 66889259976}, "cts": 1742142203803, "record_time": 1742142203.191229}
{"topic": "orderbook.200.BTCUSDT", "ts": 1742142204010, "type": "delta", "data": {"s": "BTCUSDT", "b": [["84295.49", "0.250295"], ["84291.72", "0.043052"], ["84291.7", "0.043093"], ["84290.97", "0.0002"], ["84290.79", "0.000071"], ["84290.35", "0.0004"], ["84290.34", "0.116846"], ["84288.99", "0.0001"], ["84288.96", "0.001467"], ["84288.79", "0.000252"], ["84288.44", "0.0002"], ["84287.72", "0.001333"], ["84287.68", "0.000616"], ["84287.07", "0.000233"], ["84287.06", "0.0005"], ["84286.89", "0"], ["84286.88", "0"], ["84286.87", "0"], ["84286.55", "0.000233"], ["84285.75", "0.000089"], ["84284.89", "0.069164"], ["84284.88", "0.11556"], ["84284.6", "0.113519"], ["84284.03", "0.107797"], ["84283.47", "0.000616"], ["84281.93", "0"], ["84281.92", "0.059986"], ["84281.91", "0.166757"], ["84281.89", "0.106917"], ["84281.04", "0.008052"], ["84279.69", "0.089231"], ["84279.68", "0.068395"], ["84279.03", "0.059948"], ["84278.76", "0"], ["84278.47", "0"], ["84277.79", "0.167396"], ["84277.34", "0.000793"], ["84277.31", "0"], ["84277.15", "0.02"], ["84277.12", "0"], ["84276.8", "0.167043"], ["84276.69", "0.02"], ["84276.32", "0"], ["84276.02", "0.02"], ["84275.89", "0.02"], ["84275.13", "0.009039"], ["84274.77", "0.089922"], ["84274.56", "0.237261"], ["84274.52", "0.02"], ["84274.09", "0.176985"], ["84273.96", "0.167509"], ["84273.31", "0"], ["84272.46", "0"], ["84272.42", "0"], ["84272.11", "0.019876"], ["84271.99", "0"], ["84271.74", "0.237261"], ["84271.32", "0"], ["84271.2", "0"], ["84271.08", "0"], ["84270.88", "0"], ["84270.68", "0"], ["84270.34", "0.237261"], ["84270", "0.295085"], ["84269.83", "0"], ["84269", "0.263339"], ["84268.53", "0.000233"], ["84268.39", "0.012078"], ["84267.84", "0"], ["84267.53", "0.237261"], ["84267.16", "0"], ["84266.3", "0.28632"], ["84266.13", "0"], ["84264.74", "0"], ["84263.83", "0.295142"], ["84263.31", "0"], ["84263.09", "0"], ["84262.88", "0"], ["84262.33", "0.016081"], ["84261.92", "0"], ["84260.82", "0.1402"], ["84260.73", "0"], ["84260.52", "0"], ["84259.06", "0.071214"], ["84258.69", "0.068395"], ["84258.44", "0"], ["84257.71", "0"], ["84257.28", "0"], ["84256.39", "0"], ["84255.21", "0"], ["84254.51", "0.323579"], ["84253.48", "0.11863"], ["84252.95", "0"], ["84250.99", "0.0013"], ["84249.03", "0"], ["84249.01", "0"], ["84248.08", "0.355911"], ["84247.88", "0"], ["84243.86", "0.118629"], ["84243.85", "0"], ["84243.23", "0.004651"], ["84240.88", "0"], ["84239.31", "0"], ["84238.07", "0"], ["84238.06", "0"], ["84238.04", "0"], ["84237.98", "0"], ["84237.89", "0"], ["84237.81", "0"], ["84237.69", "0"], ["84237.68", "0"], ["84237.49", "0"], ["84237.17", "0"], ["84237.12", "0"], ["84236.1", "0"], ["84235.8", "0"], ["84235.57", "0"], ["84235.36", "0"]], "a": [["84290.35", "0"], ["84290.97", "0"], ["84291.19", "0"], ["84291.71", "0"], ["84291.9", "0"], ["84291.94", "0"], ["84292.46", "0"], ["84293.43", "0"], ["84293.5", "0"], ["84293.59", "0"], ["84294.55", "0"], ["84295.5", "0.012909"], ["84296.12", "0"], ["84296.44", "0"], ["84297.08", "0"], ["84297.15", "0"], ["84298", "0.0002"], ["84300.87", "0"], ["84301.09", "0.02936"], ["84301.25", "0"], ["84301.35", "0"], ["84301.9", "0"], ["84302.62", "0"], ["84303.62", "0.030562"], ["84303.93", "0.0005"], ["84304.2", "0"], ["84305.23", "0.020996"], ["84305.66", "0"], ["84305.9", "0"], ["84306.82", "0"], ["84307.32", "0"], ["84307.52", "0"], ["84308.01", "0"], ["84308.19", "0"], ["84308.3", "0"], ["84308.5", "0"], ["84308.9", "0"], ["84309.1", "0"], ["84309.83", "0.137657"], ["84309.84", "0"], ["84310.99", "0.008052"], ["84311.08", "0"], ["84311.7", "0"], ["84312.94", "0.111686"], ["84312.99", "0"], ["84313.3", "0"], ["84313.44", "0.118955"], ["84313.76", "0"], ["84313.9", "0"], ["84314.16", "0"], ["84314.43", "0.116425"], ["84314.7", "0"], ["84314.92", "0.008453"], ["84315", "0"], ["84315.1", "0.044"], ["84315.11", "0"], ["84315.32", "0"], ["84315.4", "0.06"], ["84315.41", "0.113191"], ["84315.48", "0.140161"], ["84316.94", "0"], ["84317.64", "0.023796"], ["84317.73", "0"], ["84318.34", "0.00462"], ["84318.56", "0"], ["84319.51", "0"], ["84319.75", "0"], ["84320.67", "0.168851"], ["84320.79", "0.162"], ["84321.24", "0.172251"], ["84321.55", "0"], ["84321.7", "0.048"], ["84321.98", "0"], ["84322", "0.0486"], ["84322.11", "0"], ["84322.18", "0.023727"], ["84322.26", "0"], ["84322.29", "0"], ["84322.36", "0"], ["84322.91", "0"], ["84323.21", "0.172696"], ["84323.63", "0.012078"], ["84323.72", "0"], ["84323.86", "0.165235"], ["84324.04", "0.009328"], ["84325.1", "0"], ["84325.44", "0"], ["84325.75", "1.444894"], ["84326.07", "0.068395"], ["84326.51", "0"], ["84327.87", "0"], ["84328.14", "0.018917"], ["84328.46", "0.285078"], ["84328.81", "0.000235"], ["84329.03", "0.300026"], ["84329.39", "0.02374"], ["84331", "0.274256"], ["84332.15", "0"], ["84332.76", "0.013881"], ["84333.57", "0.071151"], ["84333.99", "0.264618"], ["84334.12", "0"], ["84335.96", "0.000335"], ["84336", "0.0012"], ["84336.5", "0.0002"], ["84336.55", "0.015"], ["84337.56", "0.000235"], ["84338.08", "0.000235"], ["84338.27", "0.000612"], ["84338.31", "0.001333"], ["84338.79", "0.000357"], ["84338.89", "0.071147"], ["84338.99", "0.000089"], ["84339.03", "0.0002"], ["84339.05", "0.0045"], ["84339.07", "0.0045"], ["84339.25", "0.0045"], ["84339.27", "0.0045"], ["84339.8", "0.000253"], ["84339.97", "0.001467"], ["84340.18", "0.023724"], ["84340.22", "0.003465"], ["84340.58", "0.023724"], ["84340.62", "0.059948"], ["84340.8", "0.023729"], ["84340.88", "0.000158"], ["84340.97", "0.037937"], ["84341.49", "0.023723"], ["84341.56", "0.0002"], ["84342.2", "0.000235"], ["84342.46", "0.237306"], ["84342.49", "0.000612"], ["84342.53", "0.001333"]], "u": 7510540, "seq": 66889261459}, "cts": 1742142204007, "record_time": 1742142203.192264}
{"topic": "orderbook.200.BTCUSDT", "ts": 1742142204210, "type": "delta", "data": {"s": "BTCUSDT", "b": [["84295.49", "0.253295"], ["84295.08", "0.026485"], ["84295.07", "0.071184"], ["84294.65", "0.0171"], ["84290.79", "0"], ["84287.68", "0.084252"], ["84287.57", "0.110825"], ["84287.29", "0.106403"], ["84287.07", "0.043958"], ["84286.53", "0"], ["84285.48", "0.120524"], ["84284.89", "0"], ["84284.88", "0"], ["84284.6", "0"], ["84284.04", "0.055588"], ["84284.03", "0"], ["84283.27", "0.01508"], ["84281.92", "0.007303"], ["84281.89", "0"], ["84281.17", "0.060324"], ["84279.69", "0.265106"], ["84279.55", "0.02"], ["84279.49", "0.158144"], ["84279.24", "0.160751"], ["84279.09", "0.02"], ["84279.02", "0"], ["84278.77", "0.237261"], ["84278.42", "0.02"], ["84278.29", "0.02"], ["84278.2", "0.048"], ["84278.1", "0.04"], ["84277.79", "0"], ["84277.15", "0"], ["84276.92", "0.02"], ["84276.8", "0"], ["84276.69", "0"], ["84276.66", "0.173"], ["84276.02", "0"], ["84275.95", "0.237261"], ["84275.89", "0"], ["84274.56", "0.226444"], ["84274.52", "0"], ["84274.09", "0"], ["84273.96", "0"], ["84271.7", "0.274312"], ["84271.5", "0"], ["84271.45", "0.264889"], ["84270.34", "0"], ["84270", "0"], ["84269.85", "0.276848"], ["84269", "0"], ["84267.53", "0"], ["84266.52", "0.295274"], ["84266.3", "0"], ["84265.53", "0.071209"], ["84263.83", "0"], ["84259.1", "0.177945"], ["84259.07", "0.237261"], ["84257.63", "0.023726"], ["84257.3", "0.355883"], ["84257.29", "0"], ["84254.67", "0.023726"], ["84252.4", "0"], ["84251.67", "0.023726"], ["84248.08", "0"], ["84245.33", "0.000989"], ["84243.67", "0.237261"], ["84240.41", "0"], ["84240.21", "0"], ["84240.2", "0"], ["84239.64", "0"], ["84238.29", "0"]], "a": [["84295.5", "0.011474"], ["84301.09", "0.0002"], ["84304.26", "0"], ["84304.95", "0"], ["84305.23", "0"], ["84305.67", "0"], ["84306.59", "0.071174"], ["84309.83", "0"], ["84312.42", "0"], ["84312.94", "0"], ["84313.44", "0"], ["84313.73", "0.266174"], ["84313.74", "0"], ["84313.91", "0"], ["84314.28", "0"], ["84314.43", "0"], ["84315.1", "0"], ["84315.4", "0"], ["84315.41", "0"], ["84315.64", "0.110921"], ["84315.88", "0.116215"], ["84316.13", "0.11518"], ["84317.64", "0"], ["84319.07", "0.000989"], ["84320.15", "0"], ["84320.4", "0.044"], ["84320.67", "0"], ["84320.79", "0"], ["84321.24", "0"], ["84321.7", "0"], ["84322", "0.0006"], ["84322.12", "0.169411"], ["84322.18", "0"], ["84322.4", "0.06"], ["84322.94", "0"], ["84323.21", "0"], ["84323.31", "0"], ["84323.5", "0.068"], ["84323.71", "0"], ["84323.86", "0"], ["84323.93", "0.169167"], ["84325.57", "0.016253"], ["84325.92", "0"], ["84326.55", "0.163046"], ["84328.46", "0"], ["84329.03", "0"], ["84329.28", "0"], ["84329.74", "0"], ["84329.92", "0.264125"], ["84330.59", "0.005931"], ["84331", "0"], ["84331.66", "0.023726"], ["84331.73", "0.290801"], ["84333.57", "0"], ["84333.99", "0"], ["84334.56", "0.29514"], ["84336.68", "0.292791"], ["84338.27", "0.362488"], ["84338.84", "0.162"], ["84342.72", "0.000235"], ["84342.79", "0.023724"], ["84343.72", "0.089922"], ["84343.94", "0.071142"], ["84344.09", "0.0002"], ["84344.44", "0.000253"], ["84344.61", "0.001467"], ["84345.02", "0.04"], ["84345.03", "0.04"], ["84346.06", "0.0045"], ["84346.09", "0.0045"], ["84346.15", "0.023724"], ["84346.23", "0.06093"], ["84346.26", "0.0045"], ["84346.29", "0.0045"], ["84346.62", "0.0002"]], "u": 7510541, "seq": 66889262859}, "cts": 1742142204207, "record_time": 1742142203.309692}
{"topic": "orderbook.200.BTCUSDT", "ts": 1742142204410, "type": "delta", "data": {"s": "BTCUSDT", "b": [["84295.49", "0.035533"], ["84295.08", "0"], ["84295.07", "0"], ["84294.65", "0"], ["84291.72", "0"], ["84291.7", "0"], ["84291.68", "0.000099"], ["84290.35", "0"], ["84290.34", "0.116917"], ["84288.99", "0"], ["84288.45", "0.0173"], ["84287.68", "0.000616"], ["84287.57", "0"], ["84287.29", "0"], ["84287.08", "0.013907"], ["84285.75", "0"], ["84285.48", "0"], ["84285.01", "0.071192"], ["84284.04", "0"], ["84283.27", "0"], ["84281.94", "0.000297"], ["84281.92", "0.006903"], ["84281.91", "0.001194"], ["84281.17", "0"], ["84281.04", "0"], ["84279.97", "0.000297"], ["84279.69", "0.001467"], ["84279.68", "0"], ["84279.55", "0"], ["84279.49", "0"], ["84279.24", "0"], ["84279.1", "0.04"], ["84279.09", "0"], ["84279.03", "0"], ["84278.77", "0"], ["84278.55", "0.02"], ["84278.45", "0.029006"], ["84278.42", "0"], ["84278.29", "0"], ["84278.1", "0"], ["84278.09", "0"], ["84277.46", "0.02"], ["84277.28", "0.112026"], ["84277.02", "0.02"], ["84276.92", "0"], ["84276.66", "0"], ["84276.12", "0.02"], ["84275.99", "0.02"], ["84275.95", "0"], ["84274.77", "0"], ["84274.56", "0"], ["84273.48", "0"], ["84271.74", "0"], ["84271.7", "0"], ["84271.45", "0"], ["84271.06", "0"], ["84271.02", "0.175287"], ["84270.58", "0.00818"], ["84270.11", "0.059948"], ["84269.85", "0"], ["84269.45", "0.023726"], ["84268.96", "0"], ["84268.39", "0"], ["84268.3", "0"], ["84267.69", "0"], ["84267.53", "0.237261"], ["84267.17", "0.207935"], ["84266.52", "0"], ["84265.53", "0"], ["84264.46", "0.140144"], ["84263.19", "0.263195"], ["84260.82", "0"], ["84259.1", "0"], ["84259.07", "0"], ["84259.06", "0"], ["84258.69", "0"], ["84257.94", "0.01227"], ["84257.3", "0"], ["84255.78", "0"], ["84255.01", "0"], ["84254.92", "0"], ["84253.48", "0"], ["84253.47", "0"], ["84250.87", "0.023726"], ["84250.23", "0.071222"], ["84245.87", "0.023726"], ["84243.87", "0.11863"], ["84243.86", "0"], ["84243.68", "0.071227"], ["84243.67", "0"], ["84240.41", "0.0002"], ["84240.2", "0.000233"], ["84238.29", "0.004747"], ["84238.07", "0.118629"], ["84237.98", "0.001467"], ["84237.89", "0.0002"], ["84237.81", "0.023981"], ["84237.69", "0.039641"], ["84237.68", "0.039641"], ["84237.49", "0.000357"], ["84237.17", "0.001333"], ["84237.12", "0.000613"], ["84236.65", "0.177945"], ["84236.1", "0.000233"], ["84235.8", "0.000335"], ["84235.57", "0.000233"], ["84235.36", "0.0002"], ["84235.05", "0.00009"], ["84234.81", "0.023729"], ["84234.2", "0.249421"], ["84234.01", "0.023729"], ["84233.35", "0.001467"], ["84233.18", "0.000252"], ["84233.14", "0.0025"], ["84232.95", "0.001333"], ["84232.91", "0.000613"], ["84232.83", "0.0002"], ["84232.38", "0.015"], ["84231.7", "0.118629"], ["84231.69", "0.059948"]], "a": [["84295.5", "0.150172"], ["84295.7", "0.069404"], ["84295.71", "0.071183"], ["84296.33", "0.011862"], ["84299.7", "0.011862"], ["84300.41", "0.00818"], ["84300.56", "0.11863"], ["84301.08", "0.019797"], ["84302.23", "0.011862"], ["84303.62", "0.0002"], ["84304.95", "0.000089"], ["84305.3", "0.126972"], ["84305.31", "0.089922"], ["84305.78", "0.03181"], ["84306.58", "0.297209"], ["84306.59", "0"], ["84307.81", "0.108381"], ["84310.99", "0"], ["84311.39", "0.068395"], ["84311.78", "0.018045"], ["84312.08", "0.016384"], ["84312.36", "0.162"], ["84313.01", "0.036071"], ["84313.06", "0.01227"], ["84313.73", "0.0002"], ["84314.07", "0.17784"], ["84314.1", "0.029801"], ["84314.7", "0.044"], ["84314.92", "0"], ["84315.47", "0.147809"], ["84315.48", "0"], ["84315.64", "0"], ["84315.79", "0.011474"], ["84315.88", "0"], ["84315.93", "0.020994"], ["84316.13", "0"], ["84316.58", "0.000759"], ["84317.5", "0.140144"], ["84318.04", "0.083976"], ["84318.74", "0.137301"], ["84318.8", "0.068"], ["84320.03", "0.023045"], ["84320.1", "0.044"], ["84320.2", "0.056"], ["84320.5", "0.06"], ["84320.79", "0.162"], ["84321.87", "0.089922"], ["84321.9", "0.264305"], ["84322.12", "0"], ["84322.67", "0.023572"], ["84323.63", "0"], ["84323.93", "0"], ["84324.35", "0.071159"], ["84324.62", "0"], ["84325.57", "0"], ["84326.07", "0"], ["84326.51", "0.237261"], ["84326.55", "0"], ["84326.8", "0.048"], ["84327.2", "0.048"], ["84328.5", "0.071156"], ["84329.39", "0"], ["84329.92", "0"], ["84330.72", "0.237261"], ["84331.66", "0"], ["84331.69", "0.006041"], ["84331.72", "0.355972"], ["84331.73", "0"], ["84331.77", "0"], ["84334.56", "0"], ["84335.3", "0"], ["84336.68", "0"], ["84338.89", "0"], ["84341.49", "0"], ["84341.56", "0"], ["84342.2", "0"], ["84342.46", "0"], ["84342.49", "0"], ["84342.53", "0"], ["84342.72", "0"], ["84342.79", "0"], ["84343.72", "0"], ["84343.94", "0"], ["84344.09", "0"], ["84344.44", "0"], ["84344.61", "0"], ["84345.02", "0"], ["84345.03", "0"], ["84346.06", "0"], ["84346.09", "0"], ["84346.15", "0"], ["84346.23", "0"], ["84346.26", "0"], ["84346.29", "0"], ["84346.62", "0"]], "u": 7510542, "seq": 66889264144}, "cts": 1742142204408, "record_time": 1742142203.510061}
{"topic": "orderbook.200.BTCUSDT", "ts": 1742142204609, "type": "delta", "data": {"s": "BTCUSDT", "b": [["84295.49", "0.016557"], ["84290.34", "0.116918"], ["84285.75", "0.000089"], ["84285.01", "0"], ["84284.43", "0.01508"], ["84282.34", "0.042125"], ["84282.33", "0.060323"], ["84282.21", "0.071195"], ["84281.94", "0"], ["84279.11", "0.000297"], ["84279.1", "0"], ["84278.55", "0"], ["84278.45", "0"], ["84278.2", "0"], ["84277.95", "0.02"], ["84277.46", "0"], ["84277.33", "0.11948"], ["84277.28", "0.000233"], ["84277.02", "0"], ["84276.5", "0.02"], ["84276.28", "0.02"], ["84276.12", "0"], ["84275.99", "0"], ["84275.92", "0.02"], ["84275.51", "0.057974"], ["84274.62", "0.02"], ["84273.49", "0"], ["84271.02", "0"], ["84267.8", "0.04"], ["84267.53", "0"], ["84266.09", "0.068395"], ["84263.19", "0"], ["84257.63", "0"], ["84254.67", "0"], ["84251.67", "0"], ["84246.68", "1.497168"], ["84246.48", "0.071225"], ["84243.68", "0"], ["84242.8", "0.355952"], ["84239.64", "0.162"], ["84236.65", "0"], ["84234.2", "0.002401"], ["84233.7", "0.24702"], ["84231.69", "0"]], "a": [["84295.5", "0.135492"], ["84295.7", "0"], ["84296.32", "0.101335"], ["84298.39", "0.089922"], ["84300", "0.180002"], ["84305.78", "0"], ["84306.29", "0.12019"], ["84307.81", "0"], ["84309.7", "0.152237"], ["84309.91", "0.020996"], ["84311.78", "0.017796"], ["84312.02", "0.083982"], ["84312.84", "0.03181"], ["84313.01", "0"], ["84313.1", "0.044"], ["84313.4", "0.06"], ["84314.07", "0"], ["84314.1", "0"], ["84315.47", "0"], ["84315.6", "0.029801"], ["84315.93", "0"], ["84316.8", "0.06"], ["84318.04", "0"], ["84319.8", "0.048"], ["84320.2", "0.104"], ["84320.4", "0"], ["84320.5", "0"], ["84321.9", "0"], ["84321.97", "0.07125"], ["84322.4", "0"], ["84324.35", "0"], ["84324.62", "0.023726"], ["84326.07", "0.068395"], ["84326.47", "0.003431"], ["84326.51", "0"], ["84330.72", "0"], ["84331.72", "0"], ["84335.3", "0.005931"], ["84338.26", "0.355952"], ["84340.22", "0"]], "u": 7510543, "seq": 66889264935}, "cts": 1742142204608, "record_time": 1742142203.709277}
{"topic": "orderbook.200.BTCUSDT", "ts": 1742142204809, "type": "delta", "data": {"s": "BTCUSDT", "b": [["84295.49", "0.035605"], ["84290.34", "0.116846"], ["84284.43", "0"], ["84281.53", "0.015081"], ["84279.97", "0"], ["84277.95", "0"], ["84277.81", "0.000297"], ["84277.75", "0.106136"], ["84277.74", "0.116633"], ["84277.46", "0.120962"], ["84277.43", "0.114875"], ["84277.33", "0"], ["84276.5", "0"], ["84276.28", "0"], ["84275.92", "0"], ["84275.56", "0.02"], ["84275.13", "0"], ["84275.09", "0.02"], ["84274.62", "0.105337"], ["84274.52", "0.02"], ["84274.29", "0.02"], ["84273.02", "0.02"], ["84271.4", "0.048"], ["84271.2", "0.04"], ["84271.17", "0.161149"], ["84270.12", "0.073329"], ["84269.63", "0.162057"], ["84269.45", "0"], ["84267.17", "0"], ["84266.79", "0.171515"], ["84266.78", "0.162282"], ["84266.13", "0.237261"], ["84263.34", "0.270157"], ["84263.27", "0.009039"], ["84261.92", "0.237261"], ["84261.8", "0.286149"], ["84258.96", "0.264923"], ["84256.61", "0.296878"], ["84255.49", "0.023708"], ["84254.52", "0.117352"], ["84242.8", "0"], ["84238.04", "0.177945"], ["84236.1", "0"], ["84235.8", "0"], ["84235.57", "0"], ["84235.36", "0"], ["84235.05", "0"], ["84234.81", "0"], ["84234.2", "0"], ["84234.01", "0"], ["84233.7", "0"], ["84233.35", "0"], ["84233.18", "0"], ["84233.14", "0"], ["84232.95", "0"], ["84232.91", "0"], ["84232.83", "0"], ["84232.38", "0"], ["84231.7", "0"]], "a": [["84295.5", "0.147753"], ["84305.3", "0.247194"], ["84305.92", "0.11111"], ["84306.29", "0"], ["84306.42", "0.116074"], ["84307", "0.020996"], ["84307.96", "0.11978"], ["84308.28", "0.117495"], ["84309.7", "0.151988"], ["84309.91", "0"], ["84312.46", "0.237261"], ["84313", "0.068"], ["84313.87", "0.237261"], ["84314.22", "0.177376"], ["84314.25", "0.169381"], ["84315.5", "0.056"], ["84315.59", "0.075719"], ["84316.1", "0.160124"], ["84316.67", "0.237261"], ["84316.88", "0.164361"], ["84317.5", "0"], ["84318.08", "0.237261"], ["84320.1", "0"], ["84320.2", "0.048"], ["84322.05", "0.299496"], ["84322.08", "0.295079"], ["84322.82", "0.482558"], ["84323.93", "0.290187"], ["84325", "0.023726"], ["84326.8", "0"], ["84327.06", "0.284975"], ["84327.2", "0"], ["84329.03", "0.026414"], ["84329.98", "0.35598"], ["84338.26", "0"], ["84338.79", "0"], ["84338.84", "0"], ["84338.99", "0"], ["84339.03", "0"], ["84339.05", "0"], ["84339.07", "0"], ["84339.25", "0"], ["84339.27", "0"], ["84339.8", "0"], ["84339.97", "0"], ["84340.18", "0"], ["84340.58", "0"], ["84340.62", "0"], ["84340.8", "0"], ["84340.88", "0"], ["84340.97", "0"]], "u": 7510544, "seq": 66889265387}, "cts": 1742142204808, "record_time": 1742142203.909194}
{"topic": "orderbook.200.BTCUSDT", "ts": 1742142205009, "type": "delta", "data": {"s": "BTCUSDT", "b": [["84295.49", "0"], ["84291.68", "0"], ["84290.97", "0"], ["84290.34", "0.128032"], ["84287.08", "0"], ["84287.07", "0.000233"], ["84287.06", "0"], ["84282.34", "0.02529"], ["84282.21", "0"], ["84281.92", "0.034898"], ["84281.91", "0.001694"], ["84279.11", "0"], ["84277.81", "0"], ["84277.75", "0.000297"], ["84277.74", "0"], ["84277.46", "0"], ["84277.43", "0"], ["84275.57", "0.000297"], ["84275.51", "0.079262"], ["84275.09", "0"], ["84274.69", "0.02"], ["84274.62", "0"], ["84274.52", "0"], ["84274.29", "0"], ["84274.12", "0.02"], ["84273.89", "0.02"], ["84273.02", "0"], ["84272.62", "0.02"], ["84271.18", "0.166787"], ["84271.17", "0"], ["84270.58", "0"], ["84270.12", "0"], ["84269.63", "0"], ["84266.79", "0"], ["84266.78", "0"], ["84266.13", "0"], ["84265.67", "0.008343"], ["84265.26", "0.023728"], ["84263.34", "0"], ["84261.92", "0.237275"], ["84261.8", "0"], ["84258.96", "0"], ["84257.94", "0"], ["84257.71", "0.034395"], ["84256.61", "0"], ["84255.49", "0"], ["84253.57", "0.003491"], ["84253.02", "0.012515"], ["84250.23", "0"], ["84249.05", "0"], ["84246.48", "0"], ["84245.75", "0.071225"], ["84239.2", "0.071231"], ["84238.04", "0"], ["84236.65", "0.177956"], ["84236.1", "0.000233"], ["84235.8", "0.000335"], ["84235.57", "0.000233"], ["84235.36", "0.0002"], ["84235.05", "0.00009"], ["84234.81", "0.023729"], ["84234.2", "0.002401"], ["84234.01", "0.023729"], ["84233.7", "0.24702"], ["84233.35", "0.001467"], ["84233.18", "0.000252"], ["84233.14", "0.0025"], ["84232.95", "0.001333"], ["84232.91", "0.000613"], ["84232.83", "0.0002"], ["84232.38", "0.015"], ["84231.7", "0.118629"], ["84231.69", "0.059948"], ["84231.67", "0.227168"]], "a": [["84290.35", "0.084306"], ["84291.68", "0.0004"], ["84291.69", "0.071587"], ["84293.5", "0.0002"], ["84294.03", "0.043502"], ["84295.5", "0.008343"], ["84295.71", "0"], ["84296.32", "0"], ["84297.99", "0.059261"], ["84298.38", "0.12434"], ["84298.74", "0.008453"], ["84299.7", "0"], ["84300.12", "0.0005"], ["84300.41", "0"], ["84301.07", "0.016088"], ["84301.08", "0"], ["84302.23", "0"], ["84303.93", "0"], ["84305.29", "0.037646"], ["84305.3", "0.247269"], ["84305.92", "0"], ["84306.42", "0"], ["84307.51", "0.001716"], ["84307.8", "0.083982"], ["84307.96", "0"], ["84308.22", "0.012515"], ["84308.28", "0"], ["84309.7", "0.258543"], ["84312.02", "0"], ["84312.46", "0"], ["84313.06", "0"], ["84313.22", "0.140142"], ["84313.87", "0"], ["84314.22", "0"], ["84314.25", "0"], ["84314.7", "0.112"], ["84315.28", "0.071167"], ["84316.1", "0"], ["84316.67", "0"], ["84316.88", "0"], ["84318.08", "0.237275"], ["84318.8", "0"], ["84320.89", "0.237275"], ["84322.05", "0"], ["84322.08", "0"], ["84322.29", "0.237275"], ["84323.93", "0"], ["84324.15", "0.023728"], ["84325.1", "0.237275"], ["84327.06", "0"], ["84328.5", "0"], ["84329.97", "0.355989"], ["84329.98", "0"], ["84338.79", "0.000357"], ["84338.99", "0.000089"], ["84339.03", "0.0002"], ["84339.07", "0.0045"], ["84339.27", "0.0045"], ["84339.8", "0.000253"], ["84339.97", "0.001467"]], "u": 7510545, "seq": 66889266347}, "cts": 1742142205008, "record_time": 1742142204.108945}
{"topic": "orderbook.200.BTCUSDT", "ts": 1742142205209, "type": "delta", "data": {"s": "BTCUSDT", "b": [["84286.53", "0.000099"], ["84282.34", "0"], ["84282.33", "0"], ["84281.93", "0.039749"], ["84281.92", "0.043725"], ["84280.38", "0.071196"], ["84278.11", "0.06033"], ["84277.75", "0"], ["84275.95", "0.02"], ["84275.68", "0.000297"], ["84275.56", "0"], ["84274.82", "0.02"], ["84274.12", "0"], ["84272.62", "0"], ["84272.52", "0.02"], ["84271.74", "0.237275"], ["84271.18", "0.067371"], ["84269.61", "0.237333"], ["84267.92", "0.237338"], ["84267.53", "0.237275"], ["84266.24", "0.237343"], ["84261.92", "0"], ["84260.52", "0.237275"], ["84259.1", "0.177956"], ["84257.71", "0"], ["84256.31", "0.237275"], ["84245.33", "0"], ["84240.18", "0.000989"], ["84238.04", "0.177956"], ["84233.71", "0.355984"], ["84233.35", "0"], ["84233.18", "0"], ["84233.14", "0"], ["84232.95", "0"], ["84232.91", "0"], ["84232.83", "0"], ["84232.38", "0"], ["84231.7", "0"], ["84231.69", "0"], ["84231.67", "0"]], "a": [["84290.35", "0.077202"], ["84291.18", "0.011863"], ["84294.03", "0"], ["84294.16", "0.000099"], ["84294.55", "0.011863"], ["84295.49", "0.001474"], ["84298.74", "0"], ["84301.07", "0.100832"], ["84303.73", "0.068395"], ["84304.37", "0.008453"], ["84305.3", "0.126972"], ["84305.31", "0.090171"], ["84307", "0"], ["84307.51", "0.001467"], ["84311.39", "0"], ["84312.84", "0"], ["84313.93", "0.000989"], ["84315.3", "0.237275"], ["84315.59", "0"], ["84315.6", "0"], ["84319.07", "0"], ["84319.51", "0.237275"], ["84323.5", "0"], ["84325.1", "0.269085"], ["84329.96", "0.355981"], ["84329.97", "0"], ["84332.15", "0.177956"], ["84332.49", "0.474314"], ["84338.84", "0.162"], ["84339.27", "0"], ["84339.8", "0"], ["84339.97", "0"]], "u": 7510546, "seq": 66889266861}, "cts": 1742142205205, "record_time": 1742142204.308945}
{"topic": "orderbook.200.BTCUSDT", "ts": 1742142205410, "type": "delta", "data": {"s": "BTCUSDT", "b": [["84290.34", "0.228032"], ["84282.58", "0.039818"], ["84282.57", "0.071194"], ["84281.93", "0"], ["84280.38", "0"], ["84278.12", "0.119918"], ["84277.78", "0.11358"], ["84277.49", "0.116023"], ["84276.96", "0.110955"], ["84275.51", "0.140537"], ["84275.39", "0.02"], ["84274.76", "0.113452"], ["84274.69", "0"], ["84274.59", "0.02"], ["84273.89", "0"], ["84273.22", "0.02"], ["84272.52", "0"], ["84270.71", "0.180324"], ["84269.68", "0.164912"], ["84266.94", "0.167718"], ["84266.83", "0.180503"], ["84266.13", "0.133145"], ["84262.89", "0.273859"], ["84261.86", "0.268766"], ["84259.12", "0.288188"], ["84256.67", "0.26563"], ["84252.51", "0.07122"], ["84239.38", "0.2"], ["84239.21", "0.355957"], ["84239.2", "0"], ["84237.69", "0"], ["84237.68", "0"], ["84237.49", "0"], ["84237.17", "0"], ["84237.12", "0"], ["84236.65", "0"], ["84236.1", "0"], ["84235.8", "0"], ["84235.57", "0"], ["84235.36", "0"], ["84235.05", "0"], ["84234.81", "0"], ["84234.2", "0"], ["84234.01", "0"], ["84233.71", "0"], ["84233.7", "0"]], "a": [["84290.35", "0.046384"], ["84291.69", "0.071187"], ["84295.49", "0"], ["84298.38", "0.091268"], ["84298.39", "0"], ["84301.07", "0.039143"], ["84305.3", "0.195443"], ["84305.31", "0"], ["84305.63", "0.020996"], ["84305.92", "0.118468"], ["84306.42", "0.116753"], ["84307.45", "0.107113"], ["84308.37", "0.114341"], ["84309.47", "0.2312"], ["84309.7", "0.151988"], ["84313.7", "0.179168"], ["84314.24", "0.16357"], ["84315.28", "0"], ["84316.19", "0.163936"], ["84316.87", "0.175995"], ["84321.52", "0.273747"], ["84322.06", "0.293916"], ["84324.01", "0.290316"], ["84325.1", "0.237275"], ["84325.85", "0.071158"], ["84326.07", "0"], ["84326.51", "0.237275"], ["84327.03", "0.263541"], ["84329.96", "0"], ["84336.55", "0"], ["84337.56", "0"], ["84338.08", "0"], ["84338.27", "0"], ["84338.31", "0"], ["84338.79", "0"], ["84338.84", "0"], ["84338.99", "0"], ["84339.03", "0"], ["84339.07", "0"]], "u": 7510547, "seq": 66889267264}, "cts": 1742142205407, "record_time": 1742142204.509612}
{"topic": "orderbook.200.BTCUSDT", "ts": 1742142205610, "type": "delta", "data": {"s": "BTCUSDT", "b": [["84290.34", "0.298692"], ["84288.46", "0.027889"], ["84284.78", "0.071192"], ["84282.58", "0.01846"], ["84282.57", "0"], ["84278.21", "0.11046"], ["84278.12", "0.024936"], ["84277.93", "0.118938"], ["84277.78", "0"], ["84277.49", "0"], ["84276.96", "0"], ["84276.15", "0.02"], ["84275.95", "0"], ["84275.59", "0.02"], ["84275.39", "0"], ["84275.03", "0.118098"], ["84275.02", "0.02"], ["84274.82", "0"], ["84274.79", "0.02"], ["84274.76", "0"], ["84274.59", "0"], ["84273.52", "0.02"], ["84273.22", "0"], ["84271.18", "0.376104"], ["84270.98", "0.160649"], ["84270.71", "0"], ["84270.16", "0.167852"], ["84269.68", "0"], ["84267.33", "0.175223"], ["84267.26", "0.162647"], ["84266.94", "0"], ["84266.83", "0"], ["84262.89", "0"], ["84262.39", "0.269938"], ["84261.86", "0"], ["84259.49", "0.263524"], ["84259.12", "0"], ["84257.23", "0.298689"], ["84256.67", "0"], ["84255.47", "0.023867"], ["84249.09", "0.11863"], ["84239.38", "0"], ["84239.21", "0"], ["84238.29", "0"], ["84237.69", "0.039641"], ["84237.68", "0.039641"]], "a": [["84290.35", "0.048384"], ["84291.18", "0"], ["84291.68", "0"], ["84305.3", "0.192212"], ["84305.92", "0"], ["84306.18", "0.119349"], ["84306.42", "0"], ["84306.67", "0.114566"], ["84307.34", "0.000502"], ["84307.45", "0"], ["84308.37", "0"], ["84308.44", "0.108467"], ["84313.7", "0"], ["84313.71", "0.175203"], ["84314.24", "0"], ["84314.44", "0.158757"], ["84316.19", "0"], ["84316.21", "0.158811"], ["84316.87", "0"], ["84317.05", "0.177724"], ["84321.52", "0"], ["84322.06", "0"], ["84322.21", "0.299457"], ["84322.67", "0"], ["84323.98", "0.281246"], ["84324.01", "0"], ["84326.07", "0.068395"], ["84327.03", "0"], ["84327.16", "0.277911"], ["84336.55", "0.015"], ["84337.56", "0.000235"], ["84338.08", "0.000235"], ["84338.27", "0.362488"]], "u": 7510548, "seq": 66889267536}, "cts": 1742142205607, "record_time": 1742142204.708668}
{"topic": "orderbook.200.BTCUSDT", "ts": 1742142205810, "type": "delta", "data": {"s": "BTCUSDT", "b": [["84290.34", "0.128032"], ["84288.46", "0"], ["84284.78", "0"], ["84279.02", "0.037231"], ["84278.71", "0.071198"], ["84278.21", "0"], ["84278.12", "0"], ["84277.93", "0"], ["84276.15", "0"], ["84275.59", "0"], ["84275.03", "0"], ["84275.02", "0"], ["84274.89", "0.020252"], ["84274.79", "0"], ["84274.46", "0.02"], ["84274.22", "0.02"], ["84273.99", "0.02"], ["84273.52", "0"], ["84273.42", "0.02"], ["84271.74", "0"], ["84270.98", "0"], ["84270.16", "0"], ["84269.61", "0"], ["84267.92", "0"], ["84267.53", "0"], ["84267.33", "0"], ["84267.26", "0"], ["84266.24", "0"], ["84266.13", "0"], ["84266.09", "0"], ["84262.4", "0.308703"], ["84262.39", "0"], ["84262.33", "0"], ["84260.52", "0"], ["84260.4", "0.290714"], ["84259.49", "0"], ["84259.1", "0"], ["84257.23", "0"], ["84256.31", "0"], ["84254.4", "0.267428"], ["84252.51", "0"], ["84249.63", "0.035598"], ["84249.09", "0.135869"], ["84246.68", "0"], ["84241.39", "0.071229"], ["84241.3", "0.04"], ["84241.29", "0.039646"], ["84237.69", "0"], ["84237.68", "0"], ["84237.49", "0.000357"], ["84237.17", "0.001333"], ["84237.12", "0.000613"], ["84236.65", "0.177956"], ["84236.1", "0.000233"], ["84235.8", "0.000335"], ["84235.57", "0.000233"], ["84235.36", "0.0002"], ["84235.05", "0.00009"], ["84234.81", "0.023729"], ["84234.2", "0.002401"], ["84234.01", "0.023729"], ["84233.7", "0.24702"], ["84233.35", "0.001467"], ["84233.18", "0.000252"], ["84233.14", "0.0025"], ["84232.95", "0.001333"], ["84232.91", "0.000613"], ["84232.83", "0.0002"], ["84232.38", "0.015"], ["84231.7", "0.118629"], ["84231.69", "0.059948"]], "a": [["84290.35", "0.148548"], ["84291.18", "0.011863"], ["84294.55", "0.008904"], ["84298.78", "0.0005"], ["84300.12", "0"], ["84303.96", "0.012929"], ["84306.18", "0"], ["84306.67", "0"], ["84308.22", "0"], ["84308.44", "0"], ["84309.46", "0.258829"], ["84309.7", "0"], ["84313.71", "0"], ["84314.43", "0.294976"], ["84314.44", "0"], ["84315.3", "0"], ["84315.54", "0.071166"], ["84316.21", "0"], ["84317.05", "0"], ["84319.51", "0"], ["84321.67", "0.03181"], ["84322.21", "0"], ["84323.98", "0"], ["84325.85", "0"], ["84327.16", "0"], ["84332.15", "0"], ["84335.72", "0.04"], ["84335.73", "0.04"], ["84338.26", "0.355959"], ["84338.27", "0.685745"], ["84338.31", "0.001333"], ["84338.79", "0.000357"], ["84338.99", "0.000089"], ["84339.03", "0.0002"], ["84339.07", "0.0045"], ["84339.27", "0.0045"], ["84339.8", "0.000253"]], "u": 7510549, "seq": 66889267986}, "cts": 1742142205804, "record_time": 1742142204.90909}
{"topic": "orderbook.200.BTCUSDT", "ts": 1742142206010, "type": "delta", "data": {"s": "BTCUSDT", "b": [["84290.34", "0.230032"], ["84285.54", "0.0002"], ["84279.02", "0.083676"], ["84278.71", "0"], ["84277.34", "0"], ["84276.49", "0.106175"], ["84276.21", "0.118034"], ["84275.52", "0.110122"], ["84275.51", "0.079262"], ["84273.42", "0"], ["84273.39", "0.108102"], ["84272.72", "0.02"], ["84271.74", "0.237275"], ["84271.18", "0.067371"], ["84269.3", "0.174963"], ["84268.44", "0.171076"], ["84267.53", "0.237275"], ["84265.62", "0.161192"], ["84265.61", "0.171124"], ["84263.54", "0.068395"], ["84262.4", "0.000614"], ["84261.53", "0.267888"], ["84260.67", "0.289702"], ["84260.4", "0.000089"], ["84257.85", "0.283642"], ["84255.51", "0.281763"], ["84254.4", "0"], ["84253.66", "1.488784"], ["84250.99", "0"], ["84249.63", "0"], ["84247.54", "0.0013"], ["84241.3", "0"], ["84241.29", "0"], ["84240.7", "0.04"], ["84240.69", "0.039646"], ["84236.66", "0.355973"], ["84234.81", "0"], ["84234.2", "0"], ["84234.01", "0"], ["84233.7", "0"], ["84233.35", "0"], ["84233.18", "0"], ["84233.14", "0"], ["84232.95", "0"], ["84232.91", "0"], ["84232.83", "0"], ["84232.38", "0"], ["84231.7", "0"], ["84231.69", "0"]], "a": [["84290.35", "0.152107"], ["84296.15", "0.001433"], ["84298", "0"], ["84298.87", "0.008453"], ["84301.07", "0"], ["84302.71", "0.103689"], ["84304.37", "0"], ["84304.46", "0.119729"], ["84304.96", "0.108213"], ["84305.3", "0.122021"], ["84305.82", "0.108387"], ["84305.86", "0.090171"], ["84306.8", "0.114666"], ["84307.34", "0.000253"], ["84308.19", "0.024258"], ["84310.09", "0.140137"], ["84312.04", "0.164231"], ["84312.73", "0.171578"], ["84313.22", "0"], ["84314.43", "0"], ["84314.57", "0.178607"], ["84315.34", "0.173896"], ["84319.81", "0.280975"], ["84320.5", "0.267764"], ["84321.67", "0"], ["84322.34", "0.297177"], ["84325.44", "0.280623"], ["84325.75", "0"], ["84331.71", "0.03181"], ["84334.05", "0.356583"], ["84334.15", "0.0013"], ["84335.72", "0"], ["84335.73", "0"], ["84336", "0"], ["84336.01", "0.04"], ["84336.02", "0.04"], ["84337.56", "0"], ["84338.08", "0"], ["84338.26", "0"], ["84338.27", "0"], ["84338.31", "0"], ["84338.79", "0"], ["84338.99", "0"], ["84339.03", "0"], ["84339.07", "0"], ["84339.27", "0"], ["84339.8", "0"]], "u": 7510550, "seq": 66889268508}, "cts": 1742142206007, "record_time": 1742142205.110623}
{"topic": "orderbook.200.BTCUSDT", "ts": 1742142206209, "type": "delta", "data": {"s": "BTCUSDT", "b": [["84281.53", "0"], ["84279.02", "0.120494"], ["84278.48", "0.015082"], ["84277.25", "0.116544"], ["84276.97", "0.11426"], ["84276.54", "0.117637"], ["84276.49", "0"], ["84276.21", "0"], ["84275.52", "0"], ["84275.51", "0.178968"], ["84274.13", "0.117755"], ["84273.39", "0"], ["84270.32", "0.16378"], ["84269.3", "0"], ["84269.2", "0.165491"], ["84268.44", "0"], ["84266.37", "0.162753"], ["84266.36", "0.178221"], ["84265.62", "0"], ["84265.61", "0.000252"], ["84264.16", "0.000793"], ["84262.55", "0.289503"], ["84261.53", "0"], ["84261.43", "0.275542"], ["84260.67", "0"], ["84258.59", "0.280455"], ["84257.86", "0.003394"], ["84257.85", "0"], ["84256.27", "0.278619"], ["84255.51", "0"], ["84253.57", "0"], ["84249", "0.035598"], ["84236.66", "0"], ["84235.36", "0"], ["84235.05", "0"]], "a": [["84290.35", "0.081294"], ["84302.71", "0.06958"], ["84303.96", "0"], ["84304.46", "0"], ["84304.96", "0"], ["84305.22", "0.114247"], ["84305.29", "0"], ["84305.3", "0.207938"], ["84305.72", "0.115919"], ["84305.82", "0"], ["84305.86", "0.089922"], ["84306.8", "0"], ["84306.84", "0.120036"], ["84307.54", "0.116475"], ["84308.2", "0.06"], ["84308.7", "0.013102"], ["84309.4", "0.044"], ["84312.04", "0"], ["84312.73", "0"], ["84313.06", "0.157638"], ["84313.48", "0.171811"], ["84314.57", "0"], ["84315.31", "0.180618"], ["84315.34", "0"], ["84316.1", "0.164957"], ["84319.81", "0"], ["84320.5", "0"], ["84320.83", "0.292891"], ["84321.25", "0.290001"], ["84322.34", "0"], ["84322.66", "1.449377"], ["84322.82", "0.02465"], ["84323.08", "0.291606"], ["84324.15", "0"], ["84325", "0"], ["84325.44", "0"], ["84326.2", "0.271238"], ["84332.48", "0.355973"], ["84334.05", "0.000612"]], "u": 7510551, "seq": 66889268830}, "cts": 1742142206207, "record_time": 1742142205.309031}
{"topic": "orderbook.200.BTCUSDT", "ts": 1742142206410, "type": "delta", "data": {"s": "BTCUSDT", "b": [["84280.81", "0.071196"], ["84276.45", "0.02"], ["84275.99", "0.02"], ["84275.32", "0.02"], ["84275.09", "0.02"], ["84274.89", "0.000252"], ["84274.46", "0"], ["84274.22", "0"], ["84273.99", "0"], ["84273.82", "0.02"], ["84272.72", "0"], ["84271.18", "0.228913"], ["84270.34", "0.237275"], ["84269.77", "0.237333"], ["84268.95", "0.237275"], ["84268.28", "0.237337"], ["84266.6", "0.237342"], ["84264.74", "0.237275"], ["84252.45", "0.07122"], ["84249.09", "0.017239"], ["84241.39", "0"], ["84239.33", "0.11"], ["84237.89", "0"], ["84237.81", "0"], ["84237.49", "0"], ["84237.17", "0"], ["84237.12", "0"], ["84236.65", "0"], ["84236.1", "0"], ["84235.8", "0"], ["84235.57", "0"]], "a": [["84290.35", "0.081447"], ["84305.71", "0.117586"], ["84305.72", "0"], ["84306.84", "0.119787"], ["84307.34", "0.000502"], ["84307.7", "0.044"], ["84311.5", "0.06"], ["84313.05", "0.168163"], ["84313.06", "0"], ["84313.4", "0"], ["84314.5", "0.048"], ["84314.7", "0.068"], ["84314.9", "0.048235"], ["84315.3", "0.237275"], ["84316.09", "0.165687"], ["84316.1", "0"], ["84316.8", "0"], ["84317.55", "0.008759"], ["84319.51", "0.237275"], ["84320.82", "0.264654"], ["84320.83", "0"], ["84326.19", "0.285158"], ["84326.2", "0"], ["84332.48", "0"], ["84336.02", "0"], ["84336.5", "0"], ["84336.55", "0"]], "u": 7510552, "seq": 66889269051}, "cts": 1742142206408, "record_time": 1742142205.50885}
{"topic": "orderbook.200.BTCUSDT", "ts": 1742142206610, "type": "delta", "data": {"s": "BTCUSDT", "b": [["84290.34", "0.300692"], ["84280.81", "0"], ["84279.02", "0.13968"], ["84278.05", "0.02"], ["84277.49", "0.02"], ["84277.25", "0"], ["84277.19", "0.111504"], ["84276.97", "0"], ["84276.92", "0.02"], ["84276.69", "0.02"], ["84276.54", "0"], ["84276.45", "0"], ["84275.99", "0"], ["84275.42", "0.02"], ["84275.41", "0.117302"], ["84275.32", "0"], ["84275.09", "0"], ["84274.13", "0"], ["84273.82", "0"], ["84271.18", "0.493486"], ["84270.97", "0.160411"], ["84270.32", "0"], ["84269.2", "0"], ["84267.82", "0.173593"], ["84267.64", "0.160815"], ["84266.37", "0"], ["84266.36", "0"], ["84263.2", "0.295586"], ["84262.55", "0"], ["84261.43", "0"], ["84259.87", "0.279557"], ["84258.59", "0"], ["84257.72", "0.284987"], ["84256.27", "0"], ["84243.31", "0.04"], ["84243.3", "0.039644"], ["84240.7", "0"], ["84240.69", "0"], ["84239.65", "0.355949"], ["84237.89", "0.0002"], ["84237.81", "0.023981"], ["84237.49", "0.000357"], ["84237.17", "0.001333"]], "a": [["84290.35", "0.041334"], ["84295.49", "0.000601"], ["84302.71", "0.04035"], ["84305.22", "0"], ["84305.71", "0"], ["84305.86", "0"], ["84306.84", "0"], ["84307.16", "0.109349"], ["84307.49", "0.112979"], ["84307.54", "0"], ["84308.82", "0.108521"], ["84313.05", "0"], ["84313.1", "0"], ["84313.48", "0"], ["84314.93", "0.161935"], ["84315.31", "0"], ["84316.09", "0"], ["84316.59", "0.167619"], ["84317.54", "0.179549"], ["84317.55", "0"], ["84319.8", "0"], ["84320.2", "0"], ["84320.82", "0"], ["84321.25", "0.000253"], ["84322.7", "0.265743"], ["84323.08", "0"], ["84324.36", "0.289986"], ["84326.19", "0"], ["84327.64", "0.274822"], ["84331.71", "0"], ["84332.91", "0.037753"], ["84334.52", "0.04"], ["84334.53", "0.04"], ["84336.01", "0"], ["84336.5", "0.0002"], ["84336.55", "0.015"], ["84337.56", "0.000235"], ["84338.08", "0.000235"], ["84338.27", "0.685745"]], "u": 7510553, "seq": 66889269553}, "cts": 1742142206608, "record_time": 1742142205.709735}
{"topic": "orderbook.200.BTCUSDT", "ts": 1742142206809, "type": "delta", "data": {"s": "BTCUSDT", "b": [["84279.02", "0.141532"], ["84277.59", "0.02"], ["84277.49", "0"], ["84277.19", "0"], ["84275.51", "0.079262"], ["84275.41", "0"], ["84270.97", "0"], ["84267.82", "0"], ["84267.64", "0"], ["84263.2", "0"], ["84259.87", "0"], ["84259.1", "0.177956"], ["84257.72", "0"], ["84247.88", "0.177956"], ["84243.31", "0"], ["84243.3", "0"], ["84243.21", "0.04"], ["84243.2", "0.039644"], ["84239.65", "0"], ["84237.12", "0.000613"], ["84236.65", "0.177956"], ["84236.1", "0.000233"], ["84235.8", "0.000335"], ["84235.57", "0.000233"], ["84235.36", "0.0002"], ["84235.05", "0.00009"]], "a": [["84290.35", "0.044893"], ["84305.3", "0.210185"], ["84307.16", "0"], ["84307.49", "0"], ["84308.82", "0"], ["84314.92", "0.268799"], ["84314.93", "0"], ["84316.59", "0"], ["84317.54", "0"], ["84322.7", "0"], ["84324.36", "0"], ["84327.64", "0"], ["84332.15", "0.177956"], ["84338.26", "0.355964"], ["84338.31", "0.001333"], ["84338.79", "0.000357"], ["84338.99", "0.000089"], ["84339.03", "0.0002"], ["84339.07", "0.0045"], ["84339.27", "0.0045"]], "u": 7510554, "seq": 66889269876}, "cts": 1742142206801, "record_time": 1742142205.909052}
{"topic": "orderbook.200.BTCUSDT", "ts": 1742142207009, "type": "delta", "data": {"s": "BTCUSDT", "b": [["84279.02", "0.150598"], ["84278.78", "0.116813"], ["84278.75", "0.02"], ["84278.5", "0.115235"], ["84278.29", "0.02"], ["84278.05", "0"], ["84277.72", "0.02"], ["84277.59", "0"], ["84277.49", "0.02"], ["84277.28", "0.117814"], ["84276.92", "0"], ["84276.69", "0"], ["84276.12", "0.02"], ["84275.51", "0.23781"], ["84275.42", "0"], ["84271.1", "0.167098"], ["84270.78", "0.173637"], ["84267.97", "0.171628"], ["84267.79", "0.173432"], ["84263.38", "0.296329"], ["84263.06", "0.298755"], ["84260.07", "0.298255"], ["84257.93", "0.279426"], ["84243.41", "0.04"], ["84243.4", "0.039644"], ["84243.21", "0"], ["84243.2", "0"], ["84237.81", "0"], ["84237.49", "0"], ["84237.17", "0"], ["84237.12", "0"], ["84236.65", "0"], ["84236.1", "0"], ["84235.8", "0"], ["84235.57", "0"], ["84235.36", "0"], ["84235.05", "0"]], "a": [["84306.58", "0.41353"], ["84307.08", "0.120868"], ["84307.34", "0.000253"], ["84307.4", "0.110236"], ["84308.72", "0.118768"], ["84313.58", "0.164748"], ["84314.8", "0.160041"], ["84314.92", "0"], ["84316.44", "0.177317"], ["84317.39", "0.161752"], ["84321.3", "0.264973"], ["84322.52", "0.275011"], ["84324.16", "0.294981"], ["84327.43", "0.289418"], ["84334.41", "0.04"], ["84334.42", "0.04"], ["84334.52", "0"], ["84334.53", "0"], ["84337.56", "0"], ["84338.08", "0"], ["84338.26", "0"], ["84338.27", "0"], ["84338.31", "0"], ["84338.79", "0"], ["84338.99", "0"], ["84339.03", "0"], ["84339.07", "0"], ["84339.27", "0"]], "u": 7510555, "seq": 66889270119}, "cts": 1742142207008, "record_time": 1742142206.108951}
{"topic": "orderbook.200.BTCUSDT", "ts": 1742142207210, "type": "delta", "data": {"s": "BTCUSDT", "b": [["84279.32", "0.10596"], ["84279.02", "0.047283"], ["84278.78", "0"], ["84278.5", "0"], ["84278.29", "0"], ["84278.19", "0.02"], ["84277.72", "0"], ["84277.62", "0.02"], ["84277.49", "0"], ["84277.39", "0.02"], ["84277.36", "0.115982"], ["84277.28", "0.000233"], ["84275.51", "0.122537"], ["84273.48", "0.162"], ["84271.1", "0"], ["84270.78", "0"], ["84270.35", "0.009065"], ["84269.81", "0.167409"], ["84267.97", "0"], ["84267.79", "0"], ["84266.61", "0.358186"], ["84265.67", "0"], ["84263.38", "0"], ["84263.06", "0"], ["84260.07", "0"], ["84259.49", "0.071214"], ["84257.93", "0"], ["84257.71", "0.013598"], ["84253.02", "0"], ["84245.75", "0"], ["84243.41", "0"], ["84243.4", "0"], ["84243.11", "0.04"], ["84243.1", "0.039644"], ["84239.34", "0.355949"], ["84237.81", "0.023981"], ["84237.49", "0.000357"], ["84237.17", "0.001333"], ["84237.12", "0.000613"], ["84236.65", "0.177956"]], "a": [["84290.35", "0.01965"], ["84291.18", "0.000153"], ["84291.69", "0"], ["84294.55", "0"], ["84294.98", "0.071184"], ["84298.38", "0"], ["84300.56", "0"], ["84306.58", "0.237261"], ["84307.08", "0"], ["84307.4", "0"], ["84308.19", "0"], ["84308.7", "0.013351"], ["84308.72", "0"], ["84313.58", "0"], ["84314.8", "0"], ["84315.3", "0"], ["84315.54", "0"], ["84316.44", "0"], ["84317.39", "0"], ["84318.08", "0"], ["84320.89", "0"], ["84321.3", "0"], ["84321.97", "0.000089"], ["84322.29", "0"], ["84322.52", "0"], ["84324.16", "0"], ["84325.1", "0"], ["84326.07", "0"], ["84326.51", "0"], ["84326.54", "0.071157"], ["84327.43", "0"], ["84334.41", "0"], ["84334.42", "0"], ["84336.32", "0.04"], ["84336.33", "0.04"], ["84337.56", "0.000235"], ["84338.08", "0.000235"], ["84338.27", "0.685745"], ["84338.31", "0.001333"], ["84338.79", "0.000357"], ["84338.99", "0.000089"], ["84339.03", "0.0002"], ["84339.07", "0.0045"], ["84339.27", "0.0045"], ["84339.8", "0.000253"], ["84339.97", "0.001467"], ["84340.18", "0.023724"], ["84340.58", "0.023724"], ["84340.62", "0.059948"], ["84340.8", "0.023729"], ["84340.88", "0.000158"], ["84341.49", "0.023723"], ["84341.56", "0.0002"], ["84342.2", "0.000235"], ["84342.46", "0.237306"], ["84342.49", "0.000612"], ["84342.53", "0.001333"]], "u": 7510556, "seq": 66889270425}, "cts": 1742142207207, "record_time": 1742142206.309157}
{"topic": "orderbook.200.BTCUSDT", "ts": 1742142207409, "type": "delta", "data": {"s": "BTCUSDT", "b": [["84293.49", "0.343612"], ["84290.35", "0.11997"], ["84290.34", "0.125846"], ["84289.5", "0.0171"], ["84288.45", "0"], ["84285.06", "0.0005"], ["84283.01", "0.008453"], ["84282.58", "0.105215"], ["84281.91", "0.163194"], ["84280.97", "0.118885"], ["84280.69", "0.114103"], ["84279.7", "0.163375"], ["84279.43", "0.118763"], ["84279.32", "0"], ["84279.02", "0"], ["84278.76", "0.059948"], ["84278.75", "0"], ["84278.52", "0.089922"], ["84278.42", "0.106221"], ["84278.19", "0"], ["84277.62", "0"], ["84277.5", "0.1505"], ["84277.39", "0"], ["84277.36", "0"], ["84276.94", "0.000793"], ["84276.35", "0.009072"], ["84276.12", "0"], ["84273.25", "0.159232"], ["84272.97", "0.159657"], ["84271.9", "0.068395"], ["84271.74", "0"], ["84271.57", "0.118638"], ["84270.7", "0.160264"], ["84270.35", "0"], ["84270.34", "0"], ["84270.15", "0.166976"], ["84269.81", "0"], ["84269.77", "0"], ["84268.95", "0"], ["84268.28", "0"], ["84267.53", "0"], ["84266.61", "0.000614"], ["84266.6", "0"], ["84265.24", "0.264478"], ["84264.74", "0"], ["84264.16", "0"], ["84263.71", "0.031752"], ["84263.54", "0"], ["84262.11", "0.089922"], ["84260.11", "0.294821"], ["84259.1", "0"], ["84257.71", "0"], ["84254.09", "0"], ["84253.67", "0.11863"], ["84249.32", "0.3559"], ["84249.09", "0"], ["84247.88", "0"], ["84247.35", "0.216033"], ["84243.67", "0.237275"], ["84239.46", "0.237275"], ["84239.34", "0"], ["84238.04", "0"], ["84237.12", "0"], ["84236.65", "0"]], "a": [["84290.35", "0"], ["84291.18", "0"], ["84293.5", "0.011386"], ["84294.98", "0"], ["84295.5", "0"], ["84296.33", "0"], ["84297.99", "0"], ["84298.46", "0.071181"], ["84298.78", "0"], ["84298.87", "0"], ["84301.93", "0.0005"], ["84302.71", "0"], ["84303.73", "0"], ["84305.3", "0.106572"], ["84306.76", "0.009093"], ["84307.7", "0"], ["84308.2", "0"], ["84308.7", "0"], ["84308.77", "0.108499"], ["84309.26", "0.108957"], ["84309.4", "0"], ["84309.42", "0.008453"], ["84309.46", "0.224854"], ["84309.47", "0"], ["84309.55", "0.110574"], ["84310.09", "0"], ["84311.5", "0"], ["84311.63", "0.107905"], ["84312.36", "0"], ["84312.9", "0.044"], ["84313.4", "0.06"], ["84314.5", "0"], ["84314.6", "0.044"], ["84314.9", "0.000235"], ["84315.72", "0.15934"], ["84316.7", "0.068395"], ["84316.99", "0.160534"], ["84319.35", "0.169931"], ["84319.4", "0.01364"], ["84319.51", "0"], ["84319.58", "0.168351"], ["84319.7", "0.048"], ["84320.03", "0"], ["84320.79", "0"], ["84321.38", "0.118638"], ["84321.87", "0"], ["84322.82", "0"], ["84323.45", "0.278239"], ["84323.67", "0.008976"], ["84324.71", "0.28542"], ["84327.07", "0.279978"], ["84328.86", "0.024047"], ["84331.87", "0.071153"], ["84332.15", "0"], ["84332.49", "0"], ["84332.91", "0"], ["84336.32", "0"], ["84336.33", "0"], ["84336.42", "0.04"], ["84336.43", "0.04"], ["84338.84", "0.162"], ["84342.72", "0.000235"]], "u": 7510557, "seq": 66889271197}, "cts": 1742142207407, "record_time": 1742142206.508952}
{"topic": "orderbook.200.BTCUSDT", "ts": 1742142207609, "type": "delta", "data": {"s": "BTCUSDT", "b": [["84292.72", "0.071186"], ["84292.65", "0.0174"], ["84290.35", "0.04346"], ["84289.5", "0"], ["84286.53", "0"], ["84283.32", "0.112538"], ["84283.14", "0.241294"], ["84283.05", "0.111773"], ["84282.58", "0"], ["84282.55", "0.02"], ["84281.99", "0.02"], ["84281.64", "0.115232"], ["84281.42", "0.02"], ["84281.19", "0.02"], ["84281.11", "0.112506"], ["84280.97", "0"], ["84280.69", "0"], ["84280.16", "0.237266"], ["84279.7", "0"], ["84279.43", "0"], ["84279.02", "0.02"], ["84278.77", "0.116354"], ["84278.42", "0"], ["84275.95", "0.237266"], ["84275.51", "0.240322"], ["84275.46", "0.177176"], ["84275.32", "0.162145"], ["84273.38", "0.1796"], ["84273.25", "0"], ["84272.97", "0"], ["84272.51", "0.17664"], ["84271.18", "0"], ["84270.7", "0"], ["84270.15", "0"], ["84267.74", "0.267964"], ["84267.6", "0.264111"], ["84265.66", "0.27199"], ["84265.24", "0"], ["84262.47", "0.294515"], ["84260.11", "0"], ["84258.69", "0.068395"], ["84257.71", "0.133441"], ["84249.33", "0.355904"], ["84249.32", "0"], ["84240.18", "0"], ["84239.64", "0"], ["84239.46", "0"], ["84239.33", "0"], ["84238.07", "0"], ["84237.98", "0"], ["84237.89", "0"], ["84237.81", "0"], ["84237.49", "0"], ["84237.17", "0"]], "a": [["84293.5", "0.013146"], ["84294.16", "0"], ["84298.46", "0"], ["84300.23", "0.008303"], ["84301.32", "0.071178"], ["84305.3", "0"], ["84308.77", "0"], ["84309.26", "0"], ["84309.46", "0"], ["84309.55", "0"], ["84310.9", "0.188531"], ["84311.13", "0.120677"], ["84311.62", "0.108099"], ["84311.63", "0"], ["84311.76", "0.111831"], ["84314.31", "0.112663"], ["84315.42", "0.024154"], ["84315.49", "0.140016"], ["84315.72", "0"], ["84316.48", "0.140119"], ["84316.7", "0.128395"], ["84316.99", "0"], ["84317.93", "0.180783"], ["84319.34", "0.172278"], ["84319.35", "0"], ["84319.58", "0"], ["84320", "0.048113"], ["84321.94", "0.16283"], ["84322.04", "0.172196"], ["84323.45", "0"], ["84323.67", "0"], ["84324.71", "0"], ["84325.66", "0.273392"], ["84326.54", "0"], ["84327.07", "0.274631"], ["84329.76", "0.298645"], ["84331.98", "0.28055"], ["84336.42", "0"], ["84336.43", "0"], ["84336.52", "0.04"], ["84336.53", "0.04"], ["84336.63", "0.071149"], ["84339.82", "0.059294"], ["84341.59", "0.037879"], ["84342.49", "0"], ["84342.53", "0"], ["84342.72", "0"]], "u": 7510558, "seq": 66889271572}, "cts": 1742142207601, "record_time": 1742142206.709057}
{"topic": "orderbook.200.BTCUSDT", "ts": 1742142207809, "type": "delta", "data": {"s": "BTCUSDT", "b": [["84293.49", "0.272808"], ["84292.72", "0"], ["84290.34", "0.116846"], ["84289.63", "0.000099"], ["84283.32", "0"], ["84283.29", "0.120286"], ["84283.14", "0.165285"], ["84283.05", "0"], ["84283.01", "0.111943"], ["84281.91", "0.001194"], ["84281.64", "0"], ["84281.53", "0.116969"], ["84281.11", "0"], ["84280.87", "0.106342"], ["84280.38", "0.237303"], ["84279.82", "0.02"], ["84279.02", "0"], ["84278.77", "0.172989"], ["84278.76", "0"], ["84278.52", "0"], ["84278.48", "0.023535"], ["84275.46", "0"], ["84275.36", "0.177491"], ["84275.32", "0"], ["84275.29", "0.166351"], ["84273.38", "0"], ["84273.15", "0.167095"], ["84272.51", "0"], ["84272.47", "0.158539"], ["84267.74", "0"], ["84267.63", "0.281456"], ["84267.6", "0"], ["84267.56", "0.292408"], ["84265.66", "0"], ["84265.43", "0.280909"], ["84262.47", "0"], ["84262.43", "0.292127"], ["84259.1", "0.100432"], ["84249.33", "0"], ["84243.88", "0.35592"], ["84243.67", "0"], ["84243.36", "0.000989"], ["84239.33", "0.11"]], "a": [["84294.35", "0.071184"], ["84297.36", "0.000099"], ["84298.56", "0.032633"], ["84300.23", "0.000554"], ["84301.32", "0"], ["84306.57", "0.102796"], ["84310.87", "0.182648"], ["84310.89", "0.059948"], ["84310.9", "0"], ["84311.09", "0.106922"], ["84311.13", "0"], ["84311.58", "0.108402"], ["84311.62", "0"], ["84311.65", "0.11054"], ["84311.76", "0"], ["84313.93", "0"], ["84314.08", "0.116456"], ["84314.31", "0"], ["84315.49", "0.10409"], ["84317.07", "0.000989"], ["84317.83", "0.169495"], ["84317.93", "0"], ["84318.79", "0.1622"], ["84319.31", "0.161369"], ["84319.34", "0"], ["84321.8", "0.167599"], ["84321.9", "0.177823"], ["84321.94", "0"], ["84322.04", "0"], ["84323.97", "0.008735"], ["84325.55", "0.276752"], ["84325.6", "0.071158"], ["84325.66", "0.001333"], ["84327.03", "0.290652"], ["84327.07", "0"], ["84329.53", "0.300172"], ["84329.76", "0"], ["84331.94", "0.265413"], ["84331.98", "0"], ["84336.52", "0"], ["84336.53", "0"], ["84336.63", "0"], ["84337.01", "0.04"], ["84337.02", "0.04"], ["84341.49", "0"], ["84341.56", "0"], ["84341.59", "0"], ["84342.2", "0"], ["84342.46", "0"]], "u": 7510559, "seq": 66889271955}, "cts": 1742142207807, "record_time": 1742142206.908952}
{"topic": "orderbook.200.BTCUSDT", "ts": 1742142208009, "type": "delta", "data": {"s": "BTCUSDT", "b": [["84288.99", "0.0001"], ["84285.54", "0"], ["84283.29", "0"], ["84283.14", "0.264463"], ["84283.01", "0"], ["84282.95", "0.02"], ["84282.55", "0"], ["84282.49", "0.02"], ["84281.99", "0"], ["84281.82", "0.02"], ["84281.69", "0.02"], ["84281.53", "0"], ["84281.42", "0"], ["84281.19", "0"], ["84280.87", "0"], ["84280.32", "0.02"], ["84279.82", "0"], ["84278.96", "0.112344"], ["84278.77", "0.265858"], ["84277.38", "0.237266"], ["84277.3", "0.237401"], ["84275.62", "0.237317"], ["84275.51", "0.330775"], ["84275.36", "0"], ["84275.29", "0"], ["84273.16", "0.237266"], ["84273.15", "0"], ["84272.47", "0"], ["84271.21", "0.166805"], ["84267.63", "0"], ["84267.56", "0"], ["84265.43", "0"], ["84263.47", "0.280345"], ["84262.43", "0"], ["84250.99", "0.0013"], ["84247.54", "0"], ["84241.93", "0.02357"], ["84239.64", "0.162"], ["84238.07", "0.118629"], ["84237.98", "0.001467"], ["84237.89", "0.0002"], ["84237.81", "0.023981"]], "a": [["84296.15", "0.001333"], ["84296.4", "0.0001"], ["84297.7", "0.009295"], ["84299.99", "0.11863"], ["84300", "0.18475"], ["84300.23", "0.011862"], ["84302.05", "0.000153"], ["84303.77", "0.015453"], ["84311.09", "0"], ["84311.58", "0"], ["84311.65", "0"], ["84312.26", "0.106612"], ["84314.08", "0"], ["84314.59", "0.196152"], ["84315.49", "0"], ["84317.83", "0"], ["84319.31", "0"], ["84320.01", "0.178018"], ["84321.8", "0"], ["84321.9", "0"], ["84323.72", "0.237266"], ["84325.55", "0"], ["84326.51", "0.237266"], ["84327.03", "0"], ["84327.76", "0.292876"], ["84327.94", "0.237266"], ["84329.53", "0"], ["84330.72", "0.237266"], ["84331.94", "0"], ["84334.15", "0"], ["84334.4", "0.0013"], ["84337.01", "0"], ["84337.02", "0"], ["84337.21", "0.04"], ["84337.22", "0.04"]], "u": 7510560, "seq": 66889272293}, "cts": 1742142208005, "record_time": 1742142207.107959}
{"topic": "orderbook.200.BTCUSDT", "ts": 1742142208209, "type": "delta", "data": {"s": "BTCUSDT", "b": [["84283.14", "0.267748"], ["84281.79", "0.113836"], ["84281.51", "0.112167"], ["84280.54", "0.114839"], ["84275.51", "0.240322"], ["84274.35", "0.176124"], ["84273.76", "0.165558"], ["84270.94", "0.170964"], ["84266.6", "0.291577"], ["84266.02", "0.269563"], ["84260.87", "0.269418"], ["84247.88", "0.17795"], ["84240.77", "0"], ["84240.73", "0"], ["84240.41", "0"], ["84240.2", "0"], ["84239.64", "0"], ["84239.33", "0"], ["84238.07", "0"], ["84237.98", "0"], ["84237.89", "0"], ["84237.81", "0"]], "a": [["84301.39", "0.000153"], ["84302.05", "0"], ["84309.67", "0.115539"], ["84310.17", "0.110658"], ["84310.75", "0.114079"], ["84314.59", "0.145303"], ["84316.95", "0.170517"], ["84317.91", "0.178478"], ["84320.52", "0.170507"], ["84324.69", "0.286724"], ["84325.66", "0.268216"], ["84326.51", "0"], ["84330.59", "0.278777"], ["84330.72", "0"], ["84340.18", "0"], ["84340.58", "0"], ["84340.62", "0"], ["84340.8", "0"], ["84340.88", "0"]], "u": 7510561, "seq": 66889272402}, "cts": 1742142208203, "record_time": 1742142207.309048}
{"topic": "orderbook.200.BTCUSDT", "ts": 1742142208410, "type": "delta", "data": {"s": "BTCUSDT", "b": [["84293.49", "1.290468"], ["84290.66", "0.071187"], ["84283.45", "0.02"], ["84283.14", "0.261795"], ["84282.99", "0.02"], ["84282.95", "0"], ["84282.49", "0"], ["84282.32", "0.02"], ["84282.19", "0.02"], ["84281.82", "0"], ["84281.79", "0"], ["84281.69", "0"], ["84281.51", "0"], ["84280.82", "0.02"], ["84280.54", "0"], ["84280.32", "0"], ["84278.97", "0.059948"], ["84278.96", "0"], ["84275.95", "0"], ["84274.35", "0"], ["84273.76", "0"], ["84271.21", "0"], ["84270.94", "0"], ["84266.61", "0.365614"], ["84266.6", "0"], ["84266.02", "0"], ["84263.47", "0"], ["84260.87", "0"], ["84248.08", "0.35591"], ["84243.88", "0"], ["84240.77", "0.023729"], ["84240.73", "0.000233"], ["84240.41", "0.0002"], ["84240.2", "0.000233"], ["84239.33", "0.11"], ["84239.01", "0.000237"], ["84238.07", "0.118629"], ["84237.98", "0.001467"], ["84237.89", "0.0002"], ["84237.81", "0.023981"], ["84237.49", "0.000357"]], "a": [["84294.35", "0"], ["84296.66", "0.071182"], ["84297.7", "0.00079"], ["84298.56", "0.0002"], ["84299.99", "0"], ["84300.23", "0"], ["84301.39", "0"], ["84301.49", "0.000153"], ["84303.77", "0"], ["84309.67", "0"], ["84310.17", "0"], ["84310.75", "0"], ["84312.26", "0"], ["84313", "0"], ["84314.7", "0"], ["84315.5", "0"], ["84316.95", "0"], ["84317.91", "0"], ["84320.01", "0"], ["84320.52", "0"], ["84322.65", "0.707295"], ["84324.69", "0"], ["84325.66", "0.001333"], ["84327.76", "0"], ["84330.59", "0.005931"], ["84340.18", "0.023724"], ["84340.58", "0.023724"], ["84340.62", "0.059948"], ["84340.8", "0.023729"], ["84340.88", "0.000158"], ["84341.49", "0.023723"], ["84341.56", "0.0002"], ["84341.59", "0.037879"], ["84342.2", "0.000235"], ["84342.46", "0.237306"], ["84342.49", "0.000612"], ["84342.53", "0.001333"], ["84342.72", "0.000235"], ["84342.79", "0.023724"], ["84343.72", "0.089922"]], "u": 7510562, "seq": 66889272872}, "cts": 1742142208406, "record_time": 1742142207.509955}
{"topic": "orderbook.200.BTCUSDT", "ts": 1742142208610, "type": "delta", "data": {"s": "BTCUSDT", "b": [["84293.49", "0.274808"], ["84291.24", "0.071187"], ["84290.66", "0"], ["84283.14", "0.165285"], ["84282.27", "0.116994"], ["84281.99", "0.115288"], ["84280.74", "0.111209"], ["84280.16", "0"], ["84279.99", "0.119623"], ["84274.54", "0.169243"], ["84274.24", "0.180395"], ["84273.16", "0"], ["84272.24", "0.176603"], ["84271.42", "0.162044"], ["84266.8", "0.263956"], ["84266.61", "0.000614"], ["84266.5", "0.267279"], ["84264.5", "0.296218"], ["84261.36", "0.297399"], ["84248.08", "0"], ["84243.88", "0.355921"], ["84240.73", "0"], ["84240.41", "0"], ["84240.2", "0"], ["84239.33", "0"], ["84239.01", "0"], ["84238.07", "0"], ["84237.98", "0"], ["84237.89", "0"], ["84237.81", "0"], ["84237.49", "0"]], "a": [["84293.5", "0.06318"], ["84294.5", "0.000153"], ["84296.66", "0"], ["84297.7", "0"], ["84298.56", "0.032634"], ["84300.23", "0.011862"], ["84301.49", "0"], ["84303.77", "0.015453"], ["84309.71", "0.09641"], ["84310.15", "0.114086"], ["84310.65", "0.12029"], ["84310.87", "0"], ["84310.95", "0.105555"], ["84312.87", "0.03181"], ["84313.29", "0.107553"], ["84314.59", "0"], ["84317.14", "0.172146"], ["84318.39", "0.171258"], ["84318.8", "0.068"], ["84319.7", "0.116"], ["84320.4", "0.056"], ["84321", "0.179608"], ["84321.04", "0.175799"], ["84321.63", "0.029801"], ["84324.61", "0.024761"], ["84324.89", "0.282689"], ["84326.14", "0.287834"], ["84328.79", "0.285257"], ["84328.86", "0"], ["84330.72", "0.237266"], ["84331.07", "0.298583"], ["84337.21", "0"], ["84337.22", "0"], ["84337.31", "0.04"], ["84337.32", "0.04"], ["84339.97", "0"], ["84340.18", "0"], ["84340.58", "0"], ["84340.62", "0"], ["84340.8", "0"], ["84340.88", "0"], ["84341.49", "0"], ["84341.56", "0"], ["84341.59", "0"], ["84342.2", "0"], ["84342.46", "0"], ["84342.49", "0"], ["84342.53", "0"], ["84342.72", "0"], ["84342.79", "0"], ["84343.72", "0"]], "u": 7510563, "seq": 66889273386}, "cts": 1742142208604, "record_time": 1742142207.709381}
{"topic": "orderbook.200.BTCUSDT", "ts": 1742142208810, "type": "delta", "data": {"s": "BTCUSDT", "b": [["84291.24", "0"], ["84289.14", "0.071189"], ["84284.45", "0.02"], ["84283.99", "0.02"], ["84283.45", "0"], ["84283.32", "0.02"], ["84283.19", "0.02"], ["84283.14", "0.242129"], ["84282.99", "0"], ["84282.32", "0"], ["84282.27", "0"], ["84282.19", "0"], ["84281.99", "0"], ["84281.82", "0.02"], ["84281.59", "0.237266"], ["84281.46", "0.11815"], ["84281.18", "0.109619"], ["84280.82", "0"], ["84280.74", "0"], ["84280.16", "0.237266"], ["84280.01", "0.107676"], ["84279.99", "0"], ["84279.23", "0.116969"], ["84275.95", "0.237266"], ["84274.54", "0"], ["84274.24", "0"], ["84273.81", "0.172732"], ["84273.44", "0.170659"], ["84272.24", "0"], ["84271.48", "0.173389"], ["84271.42", "0"], ["84270.62", "0.166442"], ["84266.8", "0"], ["84266.5", "0"], ["84266.06", "0.280615"], ["84265.69", "0.268976"], ["84264.5", "0"], ["84263.74", "0.295626"], ["84261.36", "0"], ["84260.55", "0.300853"], ["84240.87", "0"], ["84240.77", "0"]], "a": [["84294.2", "0.071184"], ["84298.56", "0.0002"], ["84299.99", "0.11863"], ["84309.35", "0.115075"], ["84309.71", "0.228147"], ["84309.84", "0.11731"], ["84310.15", "0"], ["84310.21", "0.112372"], ["84310.65", "0"], ["84310.95", "0"], ["84312.53", "0.110167"], ["84312.87", "0"], ["84313.29", "0"], ["84316.41", "0.160406"], ["84317.14", "0"], ["84317.59", "0.162597"], ["84318.39", "0"], ["84320.19", "0.159882"], ["84320.28", "0.16012"], ["84321", "0"], ["84321.04", "0"], ["84321.63", "0"], ["84323.97", "0"], ["84324.16", "0.30083"], ["84324.88", "0.03181"], ["84324.89", "0"], ["84325.33", "0.287027"], ["84326.14", "0"], ["84326.51", "0.237266"], ["84328.02", "0.282583"], ["84328.79", "0"], ["84330.26", "0.286734"], ["84331.07", "0"], ["84336.94", "0.029801"], ["84339.8", "0"], ["84339.82", "0"]], "u": 7510564, "seq": 66889273540}, "cts": 1742142208792, "record_time": 1742142207.90894}
{"topic": "orderbook.200.BTCUSDT", "ts": 1742142209009, "type": "delta", "data": {"s": "BTCUSDT", "b": [["84290.97", "0.0002"], ["84284.89", "0.02"], ["84284.22", "0.02"], ["84284.09", "0.02"], ["84283.99", "0"], ["84283.32", "0"], ["84283.19", "0"], ["84281.46", "0"], ["84281.18", "0"], ["84280.04", "0.111946"], ["84280.01", "0"], ["84279.23", "0"], ["84273.81", "0"], ["84273.44", "0"], ["84271.48", "0"], ["84270.62", "0"], ["84266.06", "0"], ["84265.69", "0.0002"], ["84263.74", "0"], ["84260.55", "0"], ["84245.81", "0.04"], ["84245.8", "0.039644"], ["84243.88", "0"], ["84243.12", "0.355932"], ["84243.11", "0"], ["84243.1", "0"], ["84240.87", "0.059948"], ["84240.77", "0.023729"], ["84240.73", "0.000233"], ["84240.41", "0.0002"], ["84240.2", "0.000233"], ["84239.01", "0.000237"], ["84238.07", "0.118629"], ["84238.04", "0.17795"], ["84237.98", "0.001467"]], "a": [["84293.5", "0.06027"], ["84294.5", "0"], ["84294.78", "0.000153"], ["84297.7", "0.001232"], ["84309.35", "0"], ["84309.84", "0"], ["84310.21", "0"], ["84312.53", "0"], ["84316.41", "0"], ["84316.47", "0.135355"], ["84317.59", "0"], ["84320.19", "0"], ["84320.28", "0"], ["84324.16", "0"], ["84324.19", "0.296556"], ["84325.33", "0"], ["84328.02", "0"], ["84330.26", "0"], ["84337.21", "0.04"], ["84337.22", "0.04"], ["84337.31", "0"], ["84337.32", "0"], ["84339.8", "0.000253"], ["84339.82", "0.059294"], ["84339.97", "0.001467"], ["84340.18", "0.023724"], ["84340.58", "0.023724"], ["84340.62", "0.059948"], ["84340.8", "0.023729"], ["84340.88", "0.000158"], ["84341.49", "0.023723"]], "u": 7510565, "seq": 66889273673}, "cts": 1742142209006, "record_time": 1742142208.108607}
{"topic": "orderbook.200.BTCUSDT", "ts": 1742142209210, "type": "delta", "data": {"s": "BTCUSDT", "b": [["84293.49", "0.346654"], ["84289.15", "0.003"], ["84284.9", "0.01244"], ["84284.89", "0"], ["84284.45", "0"], ["84284.22", "0"], ["84284.09", "0"], ["84281.82", "0"], ["84280.04", "0"], ["84278.77", "0.266107"], ["84275.51", "0"], ["84253.66", "0"], ["84246.41", "0.04"], ["84246.4", "0.039644"], ["84245.81", "0"], ["84245.8", "0"], ["84243.88", "0.355927"], ["84243.12", "0"], ["84239.64", "0.162"], ["84237.89", "0.0002"], ["84237.81", "0.023981"], ["84237.49", "0.000357"], ["84237.17", "0.001333"], ["84237.12", "0.000613"]], "a": [["84293.5", "0.040134"], ["84294.78", "0"], ["84297.7", "0.002195"], ["84309.58", "0.171633"], ["84309.71", "0"], ["84316.47", "0.083711"], ["84322.66", "0"], ["84324.19", "0"], ["84337.01", "0.04"], ["84337.02", "0.04"], ["84337.21", "0"], ["84337.22", "0"], ["84341.56", "0.0002"], ["84341.59", "0.037879"], ["84342.2", "0.000235"]], "u": 7510566, "seq": 66889273921}, "cts": 1742142209200, "record_time": 1742142208.309}
{"topic": "orderbook.200.BTCUSDT", "ts": 1742142209410, "type": "delta", "data": {"s": "BTCUSDT", "b": [["84285.65", "0.02"], ["84285.36", "0.02459"], ["84285.19", "0.02"], ["84284.9", "0"], ["84284.52", "0.02"], ["84284.39", "0.02"], ["84283.02", "0.02"], ["84281.79", "0.114775"], ["84281.51", "0.112679"], ["84280.18", "0.12042"], ["84279", "0.119808"], ["84275.63", "0.231257"], ["84273.94", "0.16374"], ["84273.71", "0.174047"], ["84271.2", "0.213689"], ["84266.14", "0.29452"], ["84265.92", "0.275973"], ["84263.4", "0.283545"], ["84262.04", "1.425371"], ["84260.74", "0.285562"], ["84246.42", "0.355926"], ["84243.88", "0"], ["84241.38", "0"], ["84241.34", "0"], ["84240.87", "0"], ["84240.77", "0"], ["84240.73", "0"], ["84240.41", "0"], ["84240.2", "0"], ["84239.64", "0"], ["84239.01", "0"], ["84238.07", "0"], ["84238.04", "0"], ["84237.98", "0"], ["84237.89", "0"], ["84237.81", "0"], ["84237.49", "0"], ["84237.17", "0"], ["84237.12", "0"]], "a": [["84293.5", "0.041645"], ["84297.7", "0"], ["84309.58", "0.09641"], ["84309.86", "0.114707"], ["84310.36", "0.108575"], ["84310.58", "0.113261"], ["84312.52", "0.108137"], ["84316.82", "0.166426"], ["84318.15", "0.181159"], ["84320.32", "0.173822"], ["84322.65", "0"], ["84324.62", "0.296406"], ["84325.95", "0.275931"], ["84330.91", "0.272298"], ["84340.62", "0"], ["84340.8", "0"], ["84340.88", "0"], ["84341.49", "0"], ["84341.56", "0"], ["84341.59", "0"], ["84342.2", "0"]], "u": 7510567, "seq": 66889274087}, "cts": 1742142209407, "record_time": 1742142208.509651}
{"topic": "orderbook.200.BTCUSDT", "ts": 1742142209610, "type": "delta", "data": {"s": "BTCUSDT", "b": [["84293.49", "0.217086"], ["84289.14", "0"], ["84285.9", "0.024617"], ["84285.89", "0.02"], ["84285.36", "0"], ["84285.22", "0.02"], ["84285.19", "0"], ["84285.09", "0.02"], ["84284.52", "0"], ["84284.39", "0"], ["84283.14", "0.019786"], ["84282.98", "0.237266"], ["84281.79", "0"], ["84281.59", "0"], ["84281.51", "0"], ["84281.19", "0.117475"], ["84280.91", "0.108719"], ["84280.38", "0"], ["84280.18", "0"], ["84280.16", "0"], ["84279.97", "0.107066"], ["84279", "0"], ["84278.97", "0"], ["84278.77", "0.503124"], ["84278.48", "0.015082"], ["84278.2", "0.116782"], ["84277.3", "0.000089"], ["84277.28", "0.000482"], ["84276.35", "0"], ["84276.27", "0.237315"], ["84275.95", "0"], ["84275.62", "0"], ["84274.58", "0.237319"], ["84273.94", "0"], ["84273.73", "0.166855"], ["84273.71", "0"], ["84273.12", "0.174052"], ["84272.91", "0.008453"], ["84271.58", "0.009849"], ["84271.2", "0.04"], ["84270.4", "0.174931"], ["84270.28", "0.173008"], ["84266.14", "0"], ["84265.93", "0.2728"], ["84265.92", "0"], ["84265.32", "0.28854"], ["84263.71", "0.018144"], ["84263.4", "0"], ["84262.6", "0.276211"], ["84262.05", "0.58343"], ["84260.74", "0"], ["84260.14", "0.264401"], ["84259.49", "0"], ["84259.1", "0"], ["84258.93", "0.014774"], ["84257.71", "0"], ["84253.67", "0"], ["84249.01", "0.071223"], ["84246.42", "0"], ["84246.41", "0"], ["84246.4", "0"], ["84246.11", "0.04"], ["84246.1", "0.039644"], ["84241.48", "0.2"], ["84241.38", "0.001333"], ["84241.34", "0.000614"]], "a": [["84294.33", "0.003221"], ["84295.02", "0.000153"], ["84297.7", "0.011862"], ["84299.98", "0.091738"], ["84302.32", "0.009847"], ["84306.76", "0"], ["84309.26", "0.111951"], ["84309.58", "0.217763"], ["84309.76", "0.107752"], ["84309.86", "0"], ["84310.36", "0"], ["84310.37", "0.107069"], ["84310.58", "0"], ["84311.72", "0.105575"], ["84312.52", "0"], ["84314.97", "0.01477"], ["84316.61", "0.160506"], ["84316.82", "0"], ["84317.56", "0.164181"], ["84318.15", "0"], ["84318.33", "0.03181"], ["84319.1", "0.071163"], ["84319.4", "0"], ["84319.52", "0.224211"], ["84320.18", "0.165425"], ["84320.32", "0"], ["84324.19", "0.008826"], ["84324.41", "0.276272"], ["84324.62", "0.023726"], ["84324.88", "0"], ["84325.23", "1.421676"], ["84325.35", "0.275497"], ["84325.95", "0"], ["84327.32", "0.29602"], ["84329.31", "0.086029"], ["84330.31", "0.281084"], ["84330.91", "0"], ["84331.87", "0"], ["84335.47", "0.029801"], ["84335.64", "0.474296"], ["84336.94", "0"], ["84337.01", "0"], ["84337.02", "0"], ["84337.11", "0.04"], ["84337.12", "0.04"], ["84338.99", "0"], ["84339.03", "0"], ["84339.07", "0"], ["84339.27", "0"], ["84339.8", "0"], ["84339.82", "0"], ["84339.97", "0"], ["84340.18", "0"], ["84340.58", "0"]], "u": 7510568, "seq": 66889274549}, "cts": 1742142209607, "record_time": 1742142208.709574}
{"topic": "orderbook.200.BTCUSDT", "ts": 1742142209810, "type": "delta", "data": {"s": "BTCUSDT", "b": [["84286.35", "0.02"], ["84285.65", "0"], ["84283.72", "0.02"], ["84283.14", "0.112696"], ["84283.02", "0"], ["84282.98", "0"], ["84281.22", "0.112368"], ["84281.19", "0"], ["84280.94", "0.106846"], ["84280.91", "0"], ["84280", "0.116232"], ["84279.97", "0"], ["84278.24", "0.113596"], ["84278.2", "0"], ["84278.11", "0.29764"], ["84277.5", "0.150749"], ["84277.28", "0.000233"], ["84275.95", "0.237266"], ["84273.77", "0.161688"], ["84273.73", "0"], ["84273.16", "0.237266"], ["84273.14", "0.175593"], ["84273.12", "0"], ["84271.74", "0.237266"], ["84270.45", "0.163747"], ["84270.4", "0"], ["84270.31", "0.178746"], ["84270.28", "0"], ["84265.97", "0.266018"], ["84265.93", "0"], ["84265.35", "0.299951"], ["84265.32", "0"], ["84262.65", "0.2953"], ["84262.6", "0"], ["84260.17", "0.26299"], ["84260.14", "0"], ["84259.28", "0.071214"], ["84259.1", "0.17795"], ["84249.01", "0"], ["84246.11", "0"], ["84246.1", "0"], ["84245.51", "0.04"], ["84245.5", "0.039645"], ["84241.48", "0"], ["84241.38", "0"], ["84241.34", "0"]], "a": [["84294.33", "0"], ["84299.98", "0"], ["84309.26", "0"], ["84309.29", "0.111286"], ["84309.76", "0"], ["84309.79", "0.110722"], ["84310.37", "0"], ["84310.41", "0.120538"], ["84311.72", "0"], ["84311.77", "0.110197"], ["84316.61", "0.000253"], ["84316.65", "0.176464"], ["84317.56", "0"], ["84317.59", "0.163854"], ["84318.33", "0"], ["84318.4", "0.222751"], ["84319.52", "0.059948"], ["84319.56", "0.179648"], ["84320.18", "0"], ["84320.21", "0.168199"], ["84324.4", "0.629062"], ["84324.41", "0"], ["84324.45", "0.290554"], ["84325.35", "0"], ["84325.38", "0.288776"], ["84327.32", "0"], ["84327.36", "0.269736"], ["84328.16", "0.03181"], ["84330.31", "0"], ["84330.34", "0.292104"], ["84337.11", "0"], ["84337.12", "0"], ["84337.51", "0.04"], ["84337.52", "0.04"], ["84338.79", "0"], ["84338.84", "0"]], "u": 7510569, "seq": 66889274763}, "cts": 1742142209805, "record_time": 1742142208.910523}
{"topic": "orderbook.200.BTCUSDT", "ts": 1742142210010, "type": "delta", "data": {"s": "BTCUSDT", "b": [["84287.06", "0.024747"], ["84287.05", "0.02"], ["84286.59", "0.02"], ["84286.35", "0"], ["84285.92", "0.0202"], ["84285.9", "0"], ["84285.89", "0"], ["84285.79", "0.02"], ["84285.22", "0"], ["84285.09", "0"], ["84284.42", "0.02"], ["84283.72", "0"], ["84283.14", "0.083158"], ["84281.22", "0"], ["84281.17", "0.118581"], ["84280.94", "0"], ["84280.88", "0.118405"], ["84280", "0"], ["84279.94", "0.112654"], ["84278.78", "0.456518"], ["84278.77", "0.237266"], ["84278.24", "0"], ["84278.23", "0.10615"], ["84275.63", "0.451384"], ["84273.77", "0"], ["84273.68", "0.170653"], ["84273.14", "0"], ["84273.06", "0.158909"], ["84271.74", "0"], ["84270.45", "0"], ["84270.4", "0.167204"], ["84270.31", "0"], ["84270.21", "0.172786"], ["84265.97", "0"], ["84265.86", "0.293754"], ["84265.35", "0"], ["84265.23", "0.272594"], ["84262.65", "0"], ["84262.57", "0.299719"], ["84260.17", "0"], ["84260.03", "0.276032"], ["84248.94", "0.11863"], ["84243.88", "0.355925"], ["84241.93", "0"]], "a": [["84309.29", "0"], ["84309.35", "0.106997"], ["84309.79", "0"], ["84309.85", "0.1196"], ["84310.41", "0"], ["84310.47", "0.112977"], ["84311.77", "0"], ["84311.88", "0.114799"], ["84316.47", "0.175343"], ["84316.48", "0"], ["84316.65", "0"], ["84316.73", "0.15799"], ["84317.59", "0"], ["84317.67", "0.159348"], ["84317.79", "0.140107"], ["84319", "0"], ["84319.56", "0"], ["84319.71", "0.167875"], ["84320.21", "0"], ["84320.3", "0.177108"], ["84324.45", "0"], ["84324.56", "0.275655"], ["84325.38", "0"], ["84325.5", "0.294429"], ["84327.36", "0"], ["84327.54", "0.289788"], ["84328.16", "0"], ["84330.34", "0"], ["84330.48", "0.287776"], ["84335.47", "0"], ["84338.79", "0.000357"], ["84338.99", "0.000089"], ["84339.03", "0.0002"], ["84339.07", "0.0045"]], "u": 7510570, "seq": 66889274908}, "cts": 1742142210001, "record_time": 1742142209.109018}
{"topic": "orderbook.200.BTCUSDT", "ts": 1742142210210, "type": "delta", "data": {"s": "BTCUSDT", "b": [["84289.34", "0.071189"], ["84287.05", "0"], ["84286.59", "0"], ["84285.92", "0.0002"], ["84285.79", "0"], ["84284.42", "0"], ["84283.14", "0.145666"], ["84280.16", "0.237266"], ["84278.79", "0.059948"], ["84277.8", "0.001725"], ["84277.5", "0.1505"], ["84245.52", "0.355917"], ["84243.88", "0"], ["84241.93", "0.02357"]], "a": [["84293.5", "0.040134"], ["84297.7", "0"], ["84299.99", "0"], ["84338.84", "0.162"], ["84339.27", "0.0045"]], "u": 7510571, "seq": 66889274990}, "cts": 1742142210206, "record_time": 1742142209.310078}
{"topic": "orderbook.200.BTCUSDT", "ts": 1742142210409, "type": "delta", "data": {"s": "BTCUSDT", "b": [["84293.49", "0.379931"], ["84289.34", "0"], ["84288.08", "0.065103"], ["84288.07", "0.11234"], ["84287.25", "0.02"], ["84287.06", "0"], ["84286.79", "0.02"], ["84286.12", "0.02"], ["84285.99", "0.02"], ["84284.42", "0.02"], ["84283.14", "0.143603"], ["84282.55", "0.106485"], ["84282.27", "0.117117"], ["84281.17", "0"], ["84280.88", "0"], ["84280.5", "0.10878"], ["84279.94", "0"], ["84278.33", "0.000449"], ["84278.23", "0"], ["84278.11", "0.06033"], ["84277.8", "0.001476"], ["84276.72", "0.010149"], ["84276.27", "0"], ["84274.58", "0"], ["84274.44", "0.17097"], ["84273.68", "0"], ["84273.06", "0"], ["84272.67", "0.159028"], ["84271.6", "0.173549"], ["84271.58", "0"], ["84270.4", "0"], ["84270.21", "0"], ["84266.62", "0.272278"], ["84265.86", "0"], ["84265.35", "0.071209"], ["84265.23", "0"], ["84264.85", "0.275651"], ["84264.08", "0.015224"], ["84262.57", "0"], ["84261.42", "0.264979"], ["84260.03", "0"], ["84258.93", "0"], ["84257.63", "0.023726"], ["84252.45", "0"], ["84251.67", "0.023726"], ["84249.32", "0.355902"], ["84245.52", "0"], ["84241.98", "0"], ["84241.93", "0"]], "a": [["84293.5", "0.001511"], ["84294.2", "0"], ["84295.02", "0"], ["84300.02", "0.07118"], ["84300.23", "0"], ["84302.32", "0"], ["84303.77", "0"], ["84306.57", "0"], ["84306.58", "0"], ["84306.72", "0.010162"], ["84307.79", "0.11863"], ["84309.35", "0"], ["84309.42", "0"], ["84309.85", "0"], ["84310.47", "0"], ["84310.73", "0.108985"], ["84310.89", "0"], ["84311.23", "0.113075"], ["84311.88", "0"], ["84312.73", "0.008453"], ["84312.9", "0"], ["84313.4", "0"], ["84314.16", "0.117015"], ["84314.6", "0"], ["84314.97", "0"], ["84315.42", "0"], ["84316.7", "0.068395"], ["84316.73", "0"], ["84317.67", "0"], ["84318.74", "0.369995"], ["84319.06", "0.176635"], ["84319.1", "0"], ["84319.37", "0.015244"], ["84319.7", "0.068"], ["84319.71", "0"], ["84320", "0.000113"], ["84320.3", "0"], ["84321.69", "0.162191"], ["84321.99", "0.1646"], ["84324.56", "0"], ["84325.5", "0"], ["84326.51", "0"], ["84326.89", "0.267345"], ["84327.54", "0"], ["84329.31", "0"], ["84329.81", "0.265932"], ["84330.48", "0.000089"], ["84330.72", "0"], ["84331.87", "0.292134"], ["84332.65", "0.071152"], ["84339.8", "0.000253"], ["84339.97", "0.001467"], ["84340.18", "0.023724"], ["84340.58", "0.023724"], ["84340.62", "0.059948"], ["84340.8", "0.023729"], ["84340.88", "0.000158"], ["84341.49", "0.023723"], ["84341.56", "0.0002"], ["84341.59", "0.037879"], ["84342.2", "0.000235"], ["84342.46", "0.237306"], ["84342.49", "0.000612"], ["84342.53", "0.001333"]], "u": 7510572, "seq": 66889275438}, "cts": 1742142210408, "record_time": 1742142209.509131}
{"topic": "orderbook.200.BTCUSDT", "ts": 1742142210609, "type": "delta", "data": {"s": "BTCUSDT", "b": [["84296.14", "0.433254"], ["84296.1", "0.004744"], ["84295.49", "0.064659"], ["84295.48", "0.03"], ["84294.64", "0.0172"], ["84293.5", "0.0002"], ["84293.49", "0.096548"], ["84292.9", "0.071186"], ["84292.65", "0"], ["84291.9", "0.000613"], ["84291.19", "0.000233"], ["84290.35", "0"], ["84290.34", "0"], ["84288.08", "0.106281"], ["84287.72", "0.017063"], ["84287.71", "0.0005"], ["84287.35", "0.02"], ["84287.25", "0"], ["84287.19", "0.237259"], ["84286.22", "0.02"], ["84286.12", "0"], ["84285.06", "0"], ["84284.62", "0.02"], ["84284.42", "0"], ["84284.38", "0.237259"], ["84283.43", "0.01508"], ["84283.14", "0.084965"], ["84282.98", "0.032365"], ["84282.55", "0"], ["84282.27", "0"], ["84281.92", "0"], ["84281.78", "0.010195"], ["84281.5", "0.04"], ["84281.3", "0.04"], ["84280.5", "0"], ["84278.78", "0"], ["84278.77", "0"], ["84278.48", "0"], ["84278.33", "0.0002"], ["84278.11", "0.060579"], ["84277.75", "0.217925"], ["84277.74", "0.089922"], ["84277.5", "0"], ["84276.72", "0"], ["84275.95", "0"], ["84275", "0.08"], ["84274.5", "0.04"], ["84274.44", "0"], ["84272.67", "0"], ["84271.6", "0"], ["84271.57", "0"], ["84269.14", "0.015292"], ["84266.63", "0.298964"], ["84266.62", "0"], ["84265.26", "0"], ["84264.85", "0"], ["84264.08", "0"], ["84262.57", "0.071211"], ["84261.42", "0"], ["84259.28", "0"], ["84257.71", "0.072812"], ["84254.53", "0.11863"], ["84250.14", "0.11"], ["84249.32", "0"], ["84248.08", "0.35591"], ["84242.61", "0"], ["84242.44", "0"]], "a": [["84293.5", "0"], ["84295.49", "0"], ["84295.82", "0"], ["84296.03", "0"], ["84296.11", "0"], ["84296.15", "0.00403"], ["84296.4", "0"], ["84298.56", "0.032839"], ["84300.02", "0"], ["84301.93", "0"], ["84303.92", "0.0005"], ["84304.95", "0"], ["84305.63", "0"], ["84308.03", "0.020996"], ["84309.58", "0"], ["84310.73", "0"], ["84311.23", "0"], ["84311.78", "0"], ["84311.81", "0.044222"], ["84314.16", "0"], ["84315.79", "0"], ["84316.47", "0.083711"], ["84317.78", "0.023319"], ["84318.6", "0.044"], ["84318.79", "0.0002"], ["84318.81", "0.004746"], ["84319", "0.06"], ["84319.06", "0"], ["84321.2", "0.06"], ["84321.38", "0"], ["84321.44", "0.162"], ["84321.69", "0"], ["84321.99", "0"], ["84323.07", "0.017796"], ["84324.4", "0"], ["84325.22", "0.448985"], ["84325.3", "0.048"], ["84325.6", "0"], ["84325.7", "0.048"], ["84326.07", "0.071158"], ["84326.89", "0"], ["84329.03", "0"], ["84329.81", "0"], ["84330.72", "0.237259"], ["84331.87", "0"], ["84332.15", "0.237266"], ["84333.52", "0.237259"], ["84334.93", "0.237259"], ["84335.64", "0"], ["84337.51", "0"], ["84337.52", "0"], ["84337.73", "0.237259"], ["84340.4", "0.026414"], ["84340.71", "0.04"], ["84340.72", "0.04"], ["84341.59", "0"], ["84342.72", "0.000235"], ["84342.79", "0.023724"], ["84343.72", "0.089922"], ["84344.09", "0.0002"], ["84344.44", "0.000253"], ["84344.61", "0.001467"], ["84345.62", "0.059134"], ["84345.75", "0.001308"]], "u": 7510573, "seq": 66889276386}, "cts": 1742142210608, "record_time": 1742142209.70924}
{"topic": "orderbook.200.BTCUSDT", "ts": 1742142210809, "type": "delta", "data": {"s": "BTCUSDT", "b": [["84302.86", "0.254332"], ["84298.56", "0.0002"], ["84298.06", "0.000252"], ["84297.61", "0.000964"], ["84296.16", "0.088558"], ["84296.14", "0.121501"], ["84296.11", "0.000613"], ["84296.1", "0"], ["84296.03", "0.0002"], ["84295.82", "0.000233"], ["84295.49", "0"], ["84295.31", "0.004369"], ["84295.02", "0.1379"], ["84294.64", "0"], ["84294.45", "0.089922"], ["84294.43", "0.0005"], ["84294.2", "0.000089"], ["84293.59", "0.001467"], ["84293.43", "0.000252"], ["84292.9", "0"], ["84291.94", "0.001333"], ["84291.71", "0.000233"], ["84290.3", "0.017457"], ["84289.63", "0"], ["84288.08", "0"], ["84288.07", "0"], ["84287.72", "0.001333"], ["84287.71", "0"], ["84287.35", "0"], ["84287.19", "0"], ["84286.79", "0"], ["84286.58", "0.010306"], ["84286.22", "0"], ["84285.99", "0"], ["84284.62", "0"], ["84284.38", "0"], ["84284.2", "0.162"], ["84283.43", "0"], ["84283.13", "0.015079"], ["84282.98", "0"], ["84281.91", "0.000233"], ["84281.78", "0"], ["84281.68", "0.009039"], ["84281.5", "0.040249"], ["84281.02", "0.06032"], ["84280.16", "0.23724"], ["84279.8", "0.04"], ["84279.7", "0.04"], ["84279.59", "0.068395"], ["84279.22", "0.11862"], ["84278.37", "0.118629"], ["84278.11", "0"], ["84278", "0.048"], ["84277.9", "0.04"], ["84277.75", "0.098551"], ["84276.94", "0"], ["84276.43", "0.020619"], ["84276.3", "0.08"], ["84275.63", "0.231257"], ["84275.5", "0"], ["84275.23", "0.009054"], ["84275", "0.04"], ["84273.93", "0.015459"], ["84273.7", "0"], ["84273.16", "0"], ["84271.9", "0"], ["84271.66", "0.071204"], ["84271.4", "0"], ["84271.2", "0"], ["84270.1", "0"], ["84269.7", "0"], ["84269.14", "0"], ["84268.84", "0.023724"], ["84268.7", "0"], ["84267.8", "0"], ["84266.63", "0"], ["84264.3", "0"], ["84263.71", "0"], ["84263.27", "0"], ["84262.58", "0.474492"], ["84262.57", "0"], ["84262.56", "0.00593"], ["84259.1", "0"], ["84257.71", "0"], ["84257.22", "0.237368"], ["84254.67", "0.023725"], ["84248.3", "0.24702"], ["84248.08", "0"], ["84246.89", "0.024201"], ["84245.99", "0.000989"], ["84243.36", "0"], ["84243.23", "0"], ["84242.94", "0"], ["84242.79", "0"]], "a": [["84296.15", "0"], ["84296.35", "0"], ["84297.36", "0"], ["84298.06", "0"], ["84298.23", "0"], ["84298.56", "0"], ["84298.6", "0"], ["84300", "0"], ["84300.33", "0"], ["84300.37", "0"], ["84300.46", "0"], ["84300.98", "0"], ["84301.09", "0"], ["84302.7", "0"], ["84306.72", "0"], ["84307.79", "0"], ["84307.8", "0"], ["84308.03", "0"], ["84311.81", "0"], ["84312.08", "0"], ["84312.73", "0"], ["84313.34", "0"], ["84313.46", "0.028442"], ["84313.51", "0.020996"], ["84314.9", "0.028289"], ["84315.6", "0.054408"], ["84315.61", "0.083985"], ["84316.19", "0.010307"], ["84316.47", "0"], ["84316.58", "0"], ["84316.7", "0"], ["84317.07", "0"], ["84317.78", "0"], ["84317.79", "0"], ["84318.4", "0"], ["84318.6", "0"], ["84318.74", "0.222757"], ["84318.8", "0"], ["84318.81", "0"], ["84319.37", "0"], ["84319.52", "0"], ["84319.7", "0"], ["84319.72", "0.000989"], ["84320.4", "0"], ["84321.12", "0.008453"], ["84321.2", "0"], ["84321.44", "0"], ["84323.72", "0"], ["84324.19", "0"], ["84324.61", "0"], ["84324.62", "0"], ["84324.94", "0.020609"], ["84325.3", "0"], ["84325.7", "0"], ["84326.07", "0"], ["84326.22", "0.068395"], ["84326.47", "0"], ["84327.93", "0.275583"], ["84327.94", "0"], ["84328.06", "0"], ["84328.84", "0.015461"], ["84330.39", "0.11862"], ["84330.72", "0"], ["84331.1", "0"], ["84331.19", "0.024141"], ["84332.15", "0"], ["84332.65", "0"], ["84332.99", "0.000759"], ["84333.52", "0"], ["84334.07", "0"], ["84334.93", "0"], ["84335.26", "0.07115"], ["84335.3", "0"], ["84337.73", "0"], ["84340.39", "0.03181"], ["84340.71", "0"], ["84340.72", "0"], ["84346.15", "0.023724"], ["84346.23", "0.06093"], ["84346.31", "0.352449"], ["84346.41", "0.04"], ["84346.42", "0.04"], ["84346.62", "0.0002"], ["84346.7", "0.000612"], ["84346.75", "0.001333"], ["84346.84", "0.002519"], ["84347.03", "0.001"], ["84347.36", "0.000235"], ["84347.48", "0.43153"], ["84347.5", "0.000089"], ["84348.18", "0.237306"], ["84349.08", "0.000253"], ["84349.15", "0.0002"], ["84349.25", "0.001467"], ["84350", "0.021512"], ["84350.37", "0.0045"], ["84350.5", "0.0045"], ["84350.57", "0.0045"], ["84350.7", "0.0045"], ["84350.92", "0.000612"], ["84350.96", "0.001333"], ["84351.48", "0.000235"], ["84351.68", "0.0002"], ["84352", "0.000235"], ["84352.17", "0.00593"], ["84352.66", "0.00089"], ["84353.22", "0.17795"], ["84353.24", "0.118791"], ["84353.6", "0.246059"], ["84353.72", "0.000253"], ["84353.89", "0.001467"], ["84354.92", "0.00109"], ["84355.14", "0.000612"], ["84355.18", "0.001333"], ["84356.01", "0.00009"], ["84356.12", "0.000235"], ["84356.64", "0.000235"], ["84357.02", "0.000085"], ["84357.07", "0.023729"], ["84357.47", "0.059948"], ["84358.07", "0.000335"]], "u": 7510574, "seq": 66889277789}, "cts": 1742142210808, "record_time": 1742142209.908963}
