{"success": true, "ret_msg": "subscribe", "conn_id": "42721dfa-7b01-4bfb-bd1c-f3302acb9533", "op": "subscribe", "record_time": 1742544102.558947, "EXCHANGE": "BYBIT"}
{"topic": "orderbook.200.BTCUSDT", "ts": 1742544099519, "type": "snapshot", "data": {"s": "BTCUSDT", "b": [["83947.64", "0.421864"], ["83947.01", "0.011917"], ["83946.81", "0.001353"], ["83946.73", "0.071508"], ["83945.72", "0.000099"], ["83944.84", "0.006687"], ["83943.81", "0.004649"], ["83943.44", "0.000591"], ["83943.38", "0.1001"], ["83942.9", "0.04"], ["83942.6", "0.0406"], ["83942.57", "0.000256"], ["83942.54", "0.000333"], ["83942.05", "0.000256"], ["83941.78", "0.178695"], ["83941.4", "0.04"], ["83940.9", "0.04"], ["83940.87", "0.035748"], ["83940.76", "0.003"], ["83940.65", "0.001333"], ["83940.44", "0.001466"], ["83940.42", "0.003"], ["83940.41", "0.009299"], ["83940.22", "0.003"], ["83940.1", "0.178699"], ["83940.04", "0.023835"], ["83940", "0.00006"], ["83939.7", "0.04"], ["83939.3", "0.04"], ["83938.6", "0.032067"], ["83938.42", "0.178702"], ["83938.35", "0.015"], ["83938.34", "0.08073"], ["83937.95", "0.000256"], ["83937.9", "0.04"], ["83937.63", "0.009668"], ["83937.6", "0.04"], ["83937.58", "0.024867"], ["83937.54", "0.005956"], ["83937.43", "0.119505"], ["83937.42", "0.000595"], ["83937.38", "0.003"], ["83937.18", "0.003"], ["83936.87", "0.05863"], ["83936.51", "0.168393"], ["83936.5", "0.0006"], ["83936.46", "0.001333"], ["83936.45", "0.22319"], ["83936.22", "0.018599"], ["83936.03", "0.063745"], ["83936", "0.04"], ["83935.83", "0.001466"], ["83935.8", "0.04"], ["83935.63", "0.11262"], ["83935.36", "0.12077"], ["83935.21", "0.006443"], ["83934.88", "0.018126"], ["83934.84", "0.000153"], ["83934.4", "0.005956"], ["83934.24", "0.003"], ["83934.15", "0.000333"], ["83934.04", "0.003"], ["83933.93", "0.00009"], ["83933.56", "0.043019"], ["83933.49", "0.008398"], ["83933.34", "0.000256"], ["83933.27", "0.044425"], ["83933.02", "0.004046"], ["83932.81", "0.000256"], ["83932.27", "0.273648"], ["83932.26", "0.120582"], ["83932.25", "0.171"], ["83931.9", "0.0006"], ["83931.88", "0.001615"], ["83931.82", "0.046335"], ["83931.21", "0.001466"], ["83931.18", "0.05"], ["83930.79", "0.055785"], ["83930.2", "0.023542"], ["83930.17", "0.005956"], ["83930", "0.131271"], ["83929.95", "0.000333"], ["83929.4", "0.044631"], ["83928.72", "0.000256"], ["83928.6", "0.023827"], ["83928.2", "0.000256"], ["83928.13", "0.242538"], ["83928.06", "0.001333"], ["83927.96", "0.000356"], ["83927.51", "0.003456"], ["83927.29", "0.001126"], ["83926.82", "0.008773"], ["83926.59", "0.001466"], ["83925.98", "0.044439"], ["83925.75", "0.000333"], ["83925.56", "0.224872"], ["83925.54", "0.00009"], ["83925.31", "0.112802"], ["83925.13", "0.178717"], ["83924.84", "0.071526"], ["83924.78", "0.001126"], ["83924.43", "0.089922"], ["83924.11", "0.212375"], ["83923.87", "0.001333"], ["83923.86", "0.119249"], ["83923.79", "0.061821"], ["83923.78", "0.017885"], ["83923.58", "0.000256"], ["83923.49", "0.171"], ["83921.98", "0.001466"], ["83921.56", "0.000333"], ["83920.2", "0.259493"], ["83920", "0.066244"], ["83919.7", "0.071531"], ["83919.67", "0.001333"], ["83919.61", "0.035744"], ["83919.49", "0.000256"], ["83918.96", "0.000256"], ["83917.7", "0.04674"], ["83917.51", "0.003"], ["83917.36", "0.001799"], ["83917.15", "0.00009"], ["83916.79", "0.108557"], ["83916.65", "0.119249"], ["83916.46", "0.284417"], ["83916.35", "0.453793"], ["83915.94", "0.123266"], ["83915.48", "0.001333"], ["83914.88", "0.000256"], ["83914.73", "0.011917"], ["83914.35", "0.000256"], ["83913.95", "0.292895"], ["83913.69", "0.089922"], ["83913.37", "0.002104"], ["83913.17", "0.000333"], ["83912.75", "0.001466"], ["83911.3", "0.058414"], ["83911.28", "0.001333"], ["83911.14", "0.0004"], ["83911.13", "0.000396"], ["83910.96", "0.098"], ["83910.95", "0.017885"], ["83910.8", "0.0016"], ["83910.26", "0.000256"], ["83910.25", "0.119249"], ["83910.24", "0.004597"], ["83909.73", "0.000256"], ["83909.72", "0.171"], ["83909.7", "0.0006"], ["83908.97", "0.000333"], ["83908.87", "0.000811"], ["83908.8", "0.127376"], ["83908.76", "0.00009"], ["83908.13", "0.001466"], ["83908.1", "0.0006"], ["83907.23", "0.094919"], ["83907.09", "0.001333"], ["83906.52", "0.003"], ["83906.51", "0.0015"], ["83905.65", "0.000256"], ["83905.15", "0.013"], ["83905.14", "0.012883"], ["83905.12", "0.000256"], ["83904.78", "0.000333"], ["83904.4", "0.04"], ["83904.22", "0.04"], ["83904.21", "0.03964"], ["83903.92", "0.119249"], ["83903.73", "0.014014"], ["83903.52", "0.001466"], ["83903.3", "0.046335"], ["83903.1", "0.04"], ["83902.89", "0.001333"], ["83902.6", "0.04"], ["83902.18", "0.08233"], ["83901.57", "0.05"], ["83901.56", "0.049554"], ["83901.32", "0.171"], ["83901.03", "0.000256"], ["83900.58", "0.000333"], ["83900.51", "0.000256"], ["83900.41", "0.082239"], ["83900.37", "0.00009"], ["83900.17", "0.022822"], ["83900", "0.00006"], ["83899.87", "0.023825"], ["83899.71", "0.015"], ["83899.7", "0.357536"], ["83899.69", "0.089922"], ["83899.58", "0.00018"], ["83899.3", "0.04"], ["83898.9", "0.001466"], ["83898.7", "0.001333"], ["83898.69", "0.190086"], ["83897.93", "0.2"], ["83897.8", "0.04"], ["83897.6", "0.04"], ["83897.09", "0.023825"], ["83896.42", "0.000256"], ["83896.39", "0.000333"]], "a": [["83947.65", "0.181038"], ["83948.1", "0.0006"], ["83949.05", "0.001333"], ["83949.3", "0.0001"], ["83949.68", "0.001466"], ["83950", "0.000774"], ["83950.07", "0.132126"], ["83950.72", "0.00009"], ["83950.94", "0.000333"], ["83951.2", "0.0006"], ["83951.28", "0.000256"], ["83951.33", "0.009"], ["83951.48", "0.00763"], ["83951.81", "0.000256"], ["83952.4", "0.0006"], ["83953.24", "0.010615"], ["83953.25", "0.001333"], ["83953.3", "0.0006"], ["83953.66", "0.010615"], ["83953.81", "0.332077"], ["83954.12", "0.071501"], ["83954.3", "0.001466"], ["83954.42", "0.015259"], ["83955.13", "0.000333"], ["83955.16", "0.025638"], ["83955.8", "0.0018"], ["83955.9", "0.000256"], ["83956.42", "0.000256"], ["83957.07", "0.003"], ["83957.08", "0.005956"], ["83957.25", "0.011917"], ["83957.45", "0.001333"], ["83958.05", "0.292036"], ["83958.61", "0.030517"], ["83958.91", "0.001466"], ["83959.11", "0.00009"], ["83959.33", "0.000333"], ["83959.69", "0.171"], ["83960.09", "0.00036"], ["83960.13", "0.121073"], ["83960.17", "0.178656"], ["83960.39", "0.013252"], ["83960.52", "0.000256"], ["83960.56", "0.118886"], ["83960.6", "0.003"], ["83960.74", "0.004089"], ["83960.87", "0.023835"], ["83961.04", "0.000256"], ["83961.5", "0.002199"], ["83961.63", "0.058414"], ["83961.64", "0.001333"], ["83961.85", "0.178653"], ["83961.86", "0.000111"], ["83962.9", "0.178683"], ["83963", "0.0006"], ["83963.53", "0.180448"], ["83964", "0.194634"], ["83964.74", "0.110614"], ["83964.9", "0.204"], ["83965.03", "0.00018"], ["83965.13", "0.000256"], ["83965.25", "0.046335"], ["83965.66", "0.000256"], ["83965.74", "0.178683"], ["83965.79", "0.057889"], ["83965.84", "0.001333"], ["83966.5", "0.108"], ["83966.51", "0.291869"], ["83966.52", "0.003"], ["83966.8", "0.08"], ["83967.5", "0.00009"], ["83967.51", "0.00009"], ["83967.73", "0.000333"], ["83968.09", "0.171"], ["83968.15", "0.001466"], ["83968.4", "0.096"], ["83968.7", "0.108"], ["83968.81", "0.178683"], ["83969.33", "0.00051"], ["83969.75", "0.000256"], ["83970", "0.231143"], ["83970.04", "0.001333"], ["83970.16", "0.058414"], ["83970.28", "0.000256"], ["83970.36", "0.170854"], ["83970.63", "0.170175"], ["83970.89", "0.145789"], ["83971.12", "0.000199"], ["83971.37", "0.008764"], ["83971.4", "0.004766"], ["83971.5", "0.1"], ["83971.7", "0.112"], ["83971.93", "0.000433"], ["83971.94", "0.024253"], ["83972.77", "0.001466"], ["83972.79", "0.054409"], ["83972.89", "0.112871"], ["83972.94", "0.023825"], ["83972.96", "0.00282"], ["83973.51", "0.00982"], ["83974.04", "0.035751"], ["83974.11", "0.005957"], ["83974.24", "0.001333"], ["83974.37", "0.000256"], ["83974.57", "0.018981"], ["83974.64", "0.125078"], ["83974.9", "0.000256"], ["83975.89", "0.00009"], ["83976.08", "0.119122"], ["83976.13", "0.000333"], ["83976.49", "0.171"], ["83976.61", "0.166585"], ["83976.62", "0.497389"], ["83977.39", "0.001466"], ["83977.63", "0.282891"], ["83978", "0.0016"], ["83978.15", "0.017885"], ["83978.44", "0.025158"], ["83978.93", "0.058414"], ["83978.99", "0.000256"], ["83979.36", "0.023825"], ["83979.39", "0.004622"], ["83979.46", "0.272204"], ["83979.51", "0.000256"], ["83979.79", "0.123772"], ["83980.32", "0.000333"], ["83981.33", "0.009"], ["83981.87", "0.011917"], ["83982", "0.001466"], ["83982.2", "0.00036"], ["83982.31", "0.025968"], ["83982.44", "0.071477"], ["83982.64", "0.001333"], ["83982.68", "0.023825"], ["83982.95", "0.465941"], ["83982.96", "0.005956"], ["83983.14", "0.00595"], ["83983.38", "0.008398"], ["83983.61", "0.000256"], ["83984.12", "0.022947"], ["83984.13", "0.000256"], ["83984.28", "0.00009"], ["83984.52", "0.000333"], ["83984.89", "0.171"], ["83984.92", "0.005956"], ["83985.59", "0.089341"], ["83985.63", "0.000226"], ["83985.79", "0.018279"], ["83985.86", "0.017885"], ["83985.89", "0.125078"], ["83986.25", "0.003417"], ["83986.4", "0.046335"], ["83986.44", "0.000083"], ["83986.62", "0.001466"], ["83986.83", "0.001333"], ["83987", "0.000118"], ["83987.64", "0.000016"], ["83988.23", "0.000256"], ["83988.26", "0.0004"], ["83988.27", "0.000362"], ["83988.58", "0.00315"], ["83988.72", "0.000333"], ["83988.75", "0.000256"], ["83989.04", "0.001246"], ["83989.09", "0.023825"], ["83989.25", "0.003"], ["83989.35", "0.071471"], ["83989.52", "0.00595"], ["83989.61", "1.42875"], ["83989.69", "1.060845"], ["83990", "10"], ["83990.41", "0.001"], ["83991.03", "0.001333"], ["83991.24", "0.001466"], ["83992.04", "0.003575"], ["83992.29", "0.114"], ["83992.67", "0.00009"], ["83992.85", "0.000256"], ["83992.92", "0.000333"], ["83993.29", "0.171"], ["83993.37", "0.000256"], ["83993.48", "0.013792"], ["83994.38", "0.023108"], ["83995.23", "0.019813"], ["83995.44", "0.04"], ["83995.45", "0.04"], ["83995.61", "0.125078"], ["83995.7", "0.058414"], ["83995.86", "0.001466"], ["83996.19", "0.000874"], ["83996.3", "0.013"], ["83996.31", "0.013"], ["83996.37", "0.000356"], ["83996.51", "0.0015"], ["83996.52", "0.003"], ["83996.53", "0.073652"], ["83996.68", "0.002144"], ["83997.12", "0.000333"], ["83997.47", "0.000256"], ["83997.53", "0.022995"]], "u": 73464, "seq": 67539108795}, "cts": 1742544099514, "record_time": 1742544102.562478, "EXCHANGE": "BYBIT"}
{"topic": "orderbook.200.BTCUSDT", "ts": 1742544099719, "type": "delta", "data": {"s": "BTCUSDT", "b": [["83933.27", "0"], ["83932.87", "0.043928"], ["83931.18", "0"], ["83931.02", "0.042413"], ["83928.13", "0.210343"], ["83927.73", "0.032201"], ["83911.24", "0.0004"], ["83911.23", "0.000396"], ["83911.14", "0"], ["83911.13", "0"], ["83905.25", "0.013"], ["83905.24", "0.012883"], ["83905.15", "0"], ["83905.14", "0"], ["83904.32", "0.04"], ["83904.31", "0.03964"], ["83904.22", "0"], ["83904.21", "0"], ["83901.67", "0.05"], ["83901.66", "0.049554"], ["83901.57", "0"], ["83901.56", "0"], ["83899.7", "0"], ["83897.93", "0"], ["83896.17", "0.023825"]], "a": [["83964.61", "0.178683"], ["83988.15", "0.0004"], ["83988.16", "0.000362"], ["83988.26", "0"], ["83988.27", "0"], ["83995.34", "0.04"], ["83995.35", "0.04"], ["83995.44", "0"], ["83995.45", "0"], ["83996.2", "0.013"], ["83996.21", "0.013"], ["83996.3", "0"], ["83996.31", "0"], ["83997.53", "0"]], "u": 73465, "seq": 67539108894}, "cts": 1742544099717, "record_time": 1742544102.564716, "EXCHANGE": "BYBIT"}
{"topic": "orderbook.200.BTCUSDT", "ts": 1742544099919, "type": "delta", "data": {"s": "BTCUSDT", "b": [["83947.64", "0.225997"], ["83944.84", "0.005956"], ["83941.78", "0"], ["83940.1", "0"], ["83938.42", "0"], ["83937.77", "0.178704"], ["83937.58", "0"], ["83935.63", "0"], ["83935.36", "0"], ["83935.21", "0"], ["83934.62", "0.118799"], ["83934.35", "0.12382"], ["83931.18", "0.042413"], ["83931.02", "0"], ["83930.79", "0"], ["83929.79", "0.060565"], ["83925.56", "0"], ["83925.13", "0"], ["83924.55", "0.173772"], ["83924.12", "0.16898"], ["83923.79", "0"], ["83922.79", "0.058892"], ["83916.79", "0"], ["83916.46", "0"], ["83915.79", "0.110362"], ["83915.45", "0.292568"], ["83897.81", "0.357545"], ["83896", "0.000118"], ["83895.89", "0.000256"], ["83895.79", "8.945026"]], "a": [["83947.65", "0.352038"], ["83954.36", "0.004727"], ["83957.66", "0.008398"], ["83959.12", "0.114727"], ["83959.55", "0.12374"], ["83960.13", "0"], ["83960.56", "0"], ["83964.79", "0.061797"], ["83965.74", "0"], ["83965.79", "0"], ["83968.81", "0"], ["83969.35", "0.184477"], ["83969.62", "0.178073"], ["83970.36", "0"], ["83970.63", "0"], ["83971.79", "0.056448"], ["83972.79", "0"], ["83976.62", "0.792903"], ["83977.63", "0"], ["83978.45", "0.277555"], ["83978.79", "0.116031"], ["83979.46", "0"], ["83979.79", "0"], ["83983.38", "0"], ["83997.53", "0.022995"], ["83997.99", "0.000256"]], "u": 73466, "seq": 67539109031}, "cts": 1742544099916, "record_time": 1742544102.565745, "EXCHANGE": "BYBIT"}
{"topic": "orderbook.200.BTCUSDT", "ts": 1742544100119, "type": "delta", "data": {"s": "BTCUSDT", "b": [["83947.64", "0.421864"], ["83936.05", "0.178707"], ["83935.63", "0.112486"], ["83935.36", "0.1166"], ["83934.62", "0"], ["83934.35", "0"], ["83933.56", "0"], ["83933.06", "0.043685"], ["83932.87", "0.043922"], ["83930.79", "0.057112"], ["83929.79", "0"], ["83929.4", "0"], ["83929", "0.043789"], ["83927.73", "0"], ["83927.69", "0.031996"], ["83925.98", "0"], ["83925.56", "0.167986"], ["83925.32", "0.058414"], ["83925.13", "0.175634"], ["83924.55", "0"], ["83924.12", "0"], ["83923.79", "0.059175"], ["83922.79", "0"], ["83916.79", "0.11019"], ["83916.46", "0.302408"], ["83915.79", "0"], ["83915.45", "0"], ["83911.72", "0.125078"], ["83911.24", "0"], ["83911.23", "0"], ["83911.14", "0.0004"], ["83911.13", "0.000396"], ["83905.25", "0"], ["83905.24", "0"], ["83905.15", "0.013"], ["83905.14", "0.012883"], ["83904.43", "0.023768"], ["83904.32", "0"], ["83904.31", "0"], ["83904.22", "0.04"], ["83904.21", "0.03964"], ["83901.67", "0"], ["83901.66", "0"], ["83901.57", "0.05"], ["83901.56", "0.049554"], ["83900.17", "0"], ["83897.81", "0"], ["83897.47", "0.178683"], ["83895.89", "0"], ["83895.79", "0"]], "a": [["83947.65", "0.181038"], ["83954.36", "0.00831"], ["83957.66", "0"], ["83958.19", "0.178683"], ["83959.12", "0"], ["83959.55", "0"], ["83960.13", "0.123719"], ["83960.42", "0.178683"], ["83960.56", "0.114782"], ["83964.79", "0"], ["83965.79", "0.060084"], ["83968.78", "0.008398"], ["83969.35", "0"], ["83969.62", "0"], ["83970.36", "0.182216"], ["83970.63", "0.182485"], ["83971.79", "0"], ["83972.79", "0.059077"], ["83976.62", "0.497389"], ["83977.63", "0.29966"], ["83978.45", "0"], ["83978.79", "0"], ["83979.46", "0.283625"], ["83979.79", "0.112302"], ["83984.12", "0"], ["83988.15", "0"], ["83988.16", "0"], ["83988.25", "0.0004"], ["83988.26", "0.000362"], ["83988.39", "0.024169"], ["83995.34", "0"], ["83995.35", "0"], ["83995.43", "0.04"], ["83995.44", "0.04"], ["83995.69", "0.00206"], ["83996.2", "0"], ["83996.21", "0"], ["83996.3", "0.013"], ["83996.31", "0.013"], ["83997.12", "0"], ["83997.47", "0"], ["83997.53", "0"], ["83997.99", "0"]], "u": 73467, "seq": 67539109242}, "cts": 1742544100112, "record_time": 1742544102.566618, "EXCHANGE": "BYBIT"}
{"topic": "orderbook.200.BTCUSDT", "ts": 1742544100320, "type": "delta", "data": {"s": "BTCUSDT", "b": [["83947.64", "0.244774"], ["83935.63", "0"], ["83935.42", "0.110361"], ["83935.36", "0"], ["83935.14", "0.114277"], ["83931.54", "0.12096"], ["83930.79", "0"], ["83930.58", "0.059151"], ["83928.6", "0"], ["83925.56", "0"], ["83925.34", "0.172842"], ["83925.13", "0"], ["83924.92", "0.177499"], ["83924.54", "0.170976"], ["83923.79", "0"], ["83923.58", "0.057217"], ["83919.61", "0"], ["83917.54", "0.273176"], ["83917.51", "0"], ["83916.79", "0"], ["83916.58", "0.108874"], ["83916.46", "0"], ["83916.24", "0.304129"], ["83911.24", "0.0004"], ["83911.23", "0.000396"], ["83911.14", "0"], ["83911.13", "0"], ["83906.87", "0.003"], ["83905.15", "0"], ["83905.14", "0"], ["83905.05", "0.013"], ["83905.04", "0.012883"], ["83904.22", "0"], ["83904.21", "0"], ["83904.12", "0.04"], ["83904.11", "0.039641"], ["83901.57", "0"], ["83901.56", "0"], ["83901.47", "0.05"], ["83901.46", "0.049554"], ["83897.81", "0.357543"], ["83896", "0"]], "a": [["83947.65", "0.352038"], ["83959.92", "0.110441"], ["83960.13", "0"], ["83960.34", "0.10939"], ["83960.56", "0"], ["83964.44", "0.120451"], ["83964.9", "0.329078"], ["83965.58", "0.059166"], ["83965.79", "0"], ["83970.14", "0.164046"], ["83970.36", "0"], ["83970.42", "0.163713"], ["83970.63", "0"], ["83971.44", "0.175404"], ["83972.58", "0.05646"], ["83972.79", "0"], ["83977.42", "0.306777"], ["83977.63", "0"], ["83978.44", "0.330771"], ["83979.24", "0.290328"], ["83979.46", "0"], ["83979.58", "0.113477"], ["83979.79", "0"], ["83986.71", "0.003"], ["83987.95", "0.0004"], ["83987.96", "0.000362"], ["83988.25", "0"], ["83988.26", "0"], ["83989.25", "0"], ["83995.43", "0"], ["83995.44", "0"], ["83995.73", "0.04"], ["83995.74", "0.04"], ["83996.3", "0"], ["83996.31", "0"], ["83996.6", "0.013"], ["83996.68", "0"]], "u": 73468, "seq": 67539109512}, "cts": 1742544100314, "record_time": 1742544102.56739, "EXCHANGE": "BYBIT"}
{"topic": "orderbook.200.BTCUSDT", "ts": 1742544100520, "type": "delta", "data": {"s": "BTCUSDT", "b": [["83937.77", "0"], ["83937.58", "0.024867"], ["83937.41", "0.003"], ["83937.38", "0"], ["83937.21", "0.003"], ["83937.18", "0"], ["83936.05", "0"], ["83935.42", "0"], ["83935.14", "0"], ["83934.24", "0"], ["83934.04", "0"], ["83934", "0.178712"], ["83932.32", "0.178715"], ["83931.54", "0"], ["83930.64", "0.162745"], ["83930.58", "0"], ["83925.34", "0"], ["83924.92", "0"], ["83924.54", "0"], ["83923.58", "0.000256"], ["83919.59", "0.035743"], ["83917.54", "0"], ["83916.58", "0"], ["83916.24", "0"], ["83911.24", "0"], ["83911.23", "0"], ["83911.04", "0.0004"], ["83911.03", "0.000396"], ["83905.25", "0.013"], ["83905.24", "0.012883"], ["83905.05", "0"], ["83905.04", "0"], ["83897.81", "0"], ["83897.61", "0.357545"], ["83896", "0.000118"], ["83895.89", "0.000256"], ["83895.04", "0.119249"], ["83894.95", "0.028201"], ["83894.68", "0.515638"], ["83894.5", "0.001333"], ["83894.29", "0.001466"], ["83893.43", "0.003"], ["83893.28", "0.178683"]], "a": [["83959.92", "0"], ["83960.34", "0"], ["83964.44", "0"], ["83965.58", "0"], ["83970.14", "0"], ["83970.42", "0"], ["83971.44", "0"], ["83972.58", "0"], ["83977.42", "0"], ["83978.44", "0.025158"], ["83979.24", "0"], ["83979.58", "0"], ["83987.95", "0"], ["83987.96", "0"], ["83988.35", "0.0004"], ["83988.36", "0.000362"], ["83995.53", "0.04"], ["83995.54", "0.04"], ["83995.73", "0"], ["83995.74", "0"], ["83996", "0.013"], ["83996.01", "0.013"], ["83996.6", "0"], ["83996.68", "0.002144"], ["83997.12", "0.000333"], ["83997.47", "0.000256"], ["83997.53", "0.022995"], ["83997.99", "0.000256"], ["83999.41", "1.787156"], ["83999.43", "0.001333"], ["83999.94", "0.015"], ["84000", "0.187181"], ["84000.15", "0.003"]], "u": 73469, "seq": 67539109802}, "cts": 1742544100516, "record_time": 1742544102.568091, "EXCHANGE": "BYBIT"}
{"topic": "orderbook.200.BTCUSDT", "ts": 1742544100719, "type": "delta", "data": {"s": "BTCUSDT", "b": [["83947.64", "0.245449"], ["83934.47", "0.110796"], ["83933.46", "0.043685"], ["83933.06", "0"], ["83931.18", "0"], ["83930.89", "0.05"], ["83930.71", "0.124998"], ["83929.4", "0.043789"], ["83929", "0"], ["83927.69", "0"], ["83927.18", "0.025508"], ["83925.88", "0.044783"], ["83924.67", "0.163745"], ["83923.71", "0.186149"], ["83916.71", "0.282389"], ["83915.57", "0.272549"], ["83911.24", "0.0004"], ["83911.23", "0.000396"], ["83911.04", "0"], ["83911.03", "0"], ["83905.25", "0"], ["83905.24", "0"], ["83905.05", "0.013"], ["83905.04", "0.012883"], ["83904.32", "0.04"], ["83904.31", "0.03964"], ["83904.12", "0"], ["83904.11", "0"], ["83901.67", "0.05"], ["83901.66", "0.049554"], ["83901.47", "0"], ["83901.46", "0"], ["83897.81", "0.357545"], ["83897.61", "0"], ["83895.04", "0"], ["83894.95", "0"], ["83894.68", "0"], ["83894.5", "0"], ["83894.29", "0"], ["83893.43", "0"], ["83893.28", "0"]], "a": [["83947.65", "0.351752"], ["83963.61", "0.114073"], ["83969.47", "0.167482"], ["83970.61", "0.170952"], ["83977.61", "0.277011"], ["83978.57", "0.309181"], ["83988.15", "0.0004"], ["83988.16", "0.000362"], ["83988.35", "0"], ["83988.36", "0"], ["83995.33", "0.04"], ["83995.34", "0.04"], ["83995.53", "0"], ["83995.54", "0"], ["83996", "0"], ["83996.01", "0"], ["83996.4", "0.013"], ["83996.41", "0.013"], ["83999.41", "0"], ["83999.43", "0"], ["83999.94", "0"], ["84000", "0"], ["84000.15", "0"]], "u": 73470, "seq": 67539110033}, "cts": 1742544100715, "record_time": 1742544102.568698, "EXCHANGE": "BYBIT"}
{"topic": "orderbook.200.BTCUSDT", "ts": 1742544100919, "type": "delta", "data": {"s": "BTCUSDT", "b": [["83947.64", "0.391582"], ["83935.63", "0.111838"], ["83935.36", "0.111937"], ["83934.47", "0"], ["83934", "0"], ["83931.75", "0.114402"], ["83930.8", "0.055183"], ["83930.71", "0"], ["83927.18", "0"], ["83926.5", "0.032629"], ["83925.56", "0.177189"], ["83925.13", "0.173459"], ["83924.75", "0.181716"], ["83924.67", "0"], ["83923.8", "0.058938"], ["83923.71", "0"], ["83917.75", "0.296813"], ["83916.8", "0.110933"], ["83916.71", "0"], ["83916.46", "0.277746"], ["83915.57", "0"], ["83911.63", "0.127379"], ["83911.24", "0"], ["83911.23", "0"], ["83911.04", "0.0004"], ["83911.03", "0.000396"], ["83908.8", "0"], ["83904.32", "0"], ["83904.31", "0"], ["83904.12", "0.04"], ["83904.11", "0.039641"], ["83901.67", "0"], ["83901.66", "0"], ["83901.47", "0.05"], ["83901.46", "0.049554"], ["83898.7", "0.358872"], ["83897.81", "0"], ["83896.17", "0"], ["83896", "0"], ["83895.89", "0"]], "a": [["83947.65", "0.180752"], ["83954.36", "0"], ["83960.13", "0.11063"], ["83960.56", "0.114774"], ["83963.61", "0"], ["83964.65", "0.11128"], ["83965.8", "0.059156"], ["83969.47", "0"], ["83970.36", "0.182421"], ["83970.61", "0"], ["83970.63", "0.164545"], ["83971.65", "0.168534"], ["83971.94", "0"], ["83972.8", "0.061777"], ["83977.61", "0"], ["83977.63", "0.274664"], ["83978.57", "0"], ["83978.65", "0.286722"], ["83979.46", "0.299217"], ["83979.8", "0.122332"], ["83988.15", "0"], ["83988.16", "0"], ["83988.35", "0.0004"], ["83988.36", "0.000362"], ["83995.02", "0.005"], ["83995.33", "0"], ["83995.34", "0"], ["83995.52", "0.04"], ["83995.53", "0.04"], ["83996.39", "0.013"], ["83996.41", "0"], ["83996.53", "0"], ["83996.68", "0"], ["83997.12", "0"], ["83997.47", "0"], ["83997.53", "0"], ["83997.99", "0"]], "u": 73471, "seq": 67539110385}, "cts": 1742544100917, "record_time": 1742544102.569289, "EXCHANGE": "BYBIT"}
{"topic": "orderbook.200.BTCUSDT", "ts": 1742544101120, "type": "delta", "data": {"s": "BTCUSDT", "b": [["83947.64", "0.416092"], ["83937.58", "0"], ["83936.28", "0.059599"], ["83935.63", "0.121722"], ["83935.36", "0.115971"], ["83931.75", "0.116712"], ["83930.8", "0.061005"], ["83925.88", "0"], ["83925.56", "0.167292"], ["83925.13", "0.18579"], ["83924.75", "0.178256"], ["83923.8", "0.060642"], ["83917.75", "0.276251"], ["83916.8", "0.114922"], ["83916.46", "0.294266"], ["83911.24", "0.0004"], ["83911.23", "0.000396"], ["83911.04", "0"], ["83911.03", "0"], ["83905.25", "0.013"], ["83905.24", "0.012883"], ["83905.05", "0"], ["83905.04", "0"], ["83904.32", "0.04"], ["83904.31", "0.03964"], ["83904.12", "0"], ["83904.11", "0"], ["83901.67", "0.05"], ["83901.66", "0.049554"], ["83901.47", "0"], ["83901.46", "0"], ["83898.71", "0.357538"], ["83898.7", "0.001333"]], "a": [["83954.36", "0.00865"], ["83960.13", "0.11206"], ["83960.56", "0.117721"], ["83961.26", "0.024191"], ["83964.65", "0.124646"], ["83965.8", "0.059735"], ["83970.36", "0.182702"], ["83970.63", "0.181812"], ["83971.65", "0.173196"], ["83972.8", "0.057201"], ["83977.63", "0.310373"], ["83978.65", "0.273068"], ["83979.46", "0.281503"], ["83979.8", "0.114913"], ["83987.95", "0.0004"], ["83987.96", "0.000362"], ["83988.35", "0"], ["83988.36", "0"], ["83995.12", "0.04"], ["83995.13", "0.04"], ["83995.52", "0"], ["83995.53", "0"], ["83995.99", "0.013"], ["83996", "0.013"], ["83996.39", "0"], ["83996.4", "0"], ["83996.51", "0"], ["83996.52", "0"]], "u": 73472, "seq": 67539110599}, "cts": 1742544101112, "record_time": 1742544102.569881, "EXCHANGE": "BYBIT"}
{"topic": "orderbook.200.BTCUSDT", "ts": 1742544101319, "type": "delta", "data": {"s": "BTCUSDT", "b": [["83947.64", "0.417045"], ["83947.6", "0.0006"], ["83904.32", "0"], ["83904.31", "0"], ["83904.22", "0.04"], ["83904.21", "0.03964"], ["83898.71", "0"]], "a": [["83987.75", "0.0004"], ["83987.76", "0.000362"], ["83987.95", "0"], ["83987.96", "0"]], "u": 73473, "seq": 67539110758}, "cts": 1742544101317, "record_time": 1742544102.570455, "EXCHANGE": "BYBIT"}
{"topic": "orderbook.200.BTCUSDT", "ts": 1742544101519, "type": "delta", "data": {"s": "BTCUSDT", "b": [["83947.64", "0.392178"], ["83937.58", "0.024867"], ["83935.63", "0.110607"], ["83935.36", "0.120916"], ["83932.3", "0.0008"], ["83931.75", "0.119666"], ["83930.89", "0"], ["83930.8", "0.062176"], ["83930.58", "0.044611"], ["83929.4", "0"], ["83928.8", "0.043869"], ["83925.56", "0.175919"], ["83925.13", "0.182432"], ["83924.75", "0.176372"], ["83923.8", "0.060293"], ["83917.75", "0.278415"], ["83916.8", "0.12"], ["83916.46", "0.303992"], ["83910.8", "0"], ["83905.25", "0"], ["83905.24", "0"], ["83905.15", "0.013"], ["83905.14", "0.012883"], ["83904.22", "0.03964"], ["83903.6", "0.0016"], ["83897.81", "0.357543"], ["83897.09", "0"], ["83896.42", "0"], ["83896.39", "0"]], "a": [["83960.13", "0.123154"], ["83960.56", "0.119658"], ["83964.65", "0.117038"], ["83965.8", "0.06031"], ["83970.36", "0.171752"], ["83970.63", "0.166076"], ["83971.65", "0.185293"], ["83972.8", "0.057245"], ["83977.63", "0.288088"], ["83978.65", "0.306631"], ["83979.46", "0.290949"], ["83979.8", "0.122619"], ["83987.75", "0"], ["83987.76", "0"], ["83987.95", "0.0004"], ["83987.96", "0.000362"], ["83995.12", "0"], ["83995.13", "0"], ["83995.22", "0.04"], ["83995.23", "0.059813"], ["83995.99", "0"], ["83996", "0"], ["83996.09", "0.013"], ["83996.1", "0.013"], ["83996.51", "0.0015"]], "u": 73474, "seq": 67539110966}, "cts": 1742544101504, "record_time": 1742544102.570984, "EXCHANGE": "BYBIT"}
{"topic": "orderbook.200.BTCUSDT", "ts": 1742544101719, "type": "delta", "data": {"s": "BTCUSDT", "b": [["83947.64", "0.417045"], ["83937.91", "0.000153"], ["83935.63", "0.124271"], ["83935.36", "0.120037"], ["83934.84", "0"], ["83933.46", "0"], ["83932.87", "0"], ["83932.86", "0.043656"], ["83932.67", "0.043892"], ["83932.32", "0"], ["83931.75", "0.111597"], ["83930.8", "0.058851"], ["83930.58", "0"], ["83930.48", "0.045698"], ["83928.8", "0.043835"], ["83927.52", "0.025576"], ["83926.5", "0"], ["83925.56", "0.164213"], ["83925.13", "0.172983"], ["83924.75", "0.172933"], ["83923.8", "0.061139"], ["83917.75", "0.302611"], ["83916.8", "0.111636"], ["83916.46", "0.276193"], ["83901.67", "0"], ["83901.66", "0"], ["83901.57", "0.05"], ["83901.56", "0.049554"], ["83897.82", "0.357542"], ["83897.81", "0"], ["83897.09", "0.023825"]], "a": [["83954.36", "0"], ["83960.13", "0.121283"], ["83960.56", "0.112595"], ["83964.65", "0.118863"], ["83965.8", "0.056073"], ["83970.36", "0.183465"], ["83970.63", "0.176318"], ["83971.65", "0.176731"], ["83972.8", "0.05983"], ["83977.63", "0.307963"], ["83978.65", "0.291856"], ["83979.46", "0.278404"], ["83979.8", "0.123107"], ["83987.94", "0.0004"], ["83987.95", "0.000362"], ["83987.96", "0"], ["83996.52", "0.003"]], "u": 73475, "seq": 67539111201}, "cts": 1742544101712, "record_time": 1742544102.571506, "EXCHANGE": "BYBIT"}
{"topic": "orderbook.200.BTCUSDT", "ts": 1742544101919, "type": "delta", "data": {"s": "BTCUSDT", "b": [["83943.39", "0.119249"], ["83930.64", "0"], ["83930.58", "0.047504"], ["83930.48", "0"], ["83927.52", "0"], ["83927.26", "0.028079"], ["83911.24", "0"], ["83911.23", "0"], ["83911.14", "0.0004"], ["83911.13", "0.000396"], ["83905.16", "0.013"], ["83905.15", "0.012883"], ["83905.14", "0"], ["83904.23", "0.04"], ["83904.21", "0"], ["83901.58", "0.05"], ["83901.57", "0.049554"], ["83901.56", "0"], ["83897.82", "0"], ["83897.61", "0.357543"]], "a": [["83987.94", "0"], ["83987.95", "0"], ["83988.04", "0.0004"], ["83988.05", "0.000362"]], "u": 73476, "seq": 67539111267}, "cts": 1742544101914, "record_time": 1742544102.572361, "EXCHANGE": "BYBIT"}
{"topic": "orderbook.200.BTCUSDT", "ts": 1742544102119, "type": "delta", "data": {"s": "BTCUSDT", "b": [["83947.64", "0.221178"], ["83936.28", "0"], ["83935.76", "0.016901"], ["83935.63", "0"], ["83935.36", "0"], ["83934.6", "0.12214"], ["83934.33", "0.124844"], ["83931.75", "0"], ["83930.8", "0"], ["83930.72", "0.109575"], ["83929.76", "0.058798"], ["83925.56", "0"], ["83925.13", "0"], ["83924.75", "0"], ["83924.53", "0.177706"], ["83924.1", "0.186992"], ["83923.8", "0"], ["83923.72", "0.176249"], ["83922.76", "0.055149"], ["83917.75", "0"], ["83916.8", "0"], ["83916.72", "0.293366"], ["83916.46", "0"], ["83915.43", "0.282395"], ["83911.34", "0.0004"], ["83911.33", "0.000396"], ["83911.14", "0"], ["83911.13", "0"], ["83905.26", "0.013"], ["83905.25", "0.012883"], ["83905.16", "0"], ["83905.15", "0"], ["83904.33", "0.04"], ["83904.32", "0.03964"], ["83904.23", "0"], ["83904.22", "0"], ["83901.68", "0.05"], ["83901.67", "0.049554"], ["83901.58", "0"], ["83901.57", "0"], ["83897.61", "0"], ["83896.42", "0.000256"], ["83896.39", "0.000333"]], "a": [["83947.65", "0.351752"], ["83954.36", "0.000178"], ["83959.1", "0.11898"], ["83959.53", "0.123011"], ["83960.13", "0"], ["83960.56", "0"], ["83963.62", "0.112797"], ["83964.65", "0"], ["83964.76", "0.058834"], ["83965.8", "0"], ["83969.6", "0.187311"], ["83970.36", "0"], ["83970.62", "0.167183"], ["83970.63", "0"], ["83971.65", "0"], ["83971.76", "0.060239"], ["83972.8", "0"], ["83976.6", "0.30842"], ["83977.62", "0.301425"], ["83977.63", "0"], ["83978.65", "0"], ["83978.76", "0.112909"], ["83979.46", "0"], ["83979.8", "0"], ["83987.64", "0.000416"], ["83987.65", "0.000362"], ["83988.04", "0"], ["83988.05", "0"], ["83995.12", "0.04"], ["83995.13", "0.04"], ["83995.22", "0"], ["83995.23", "0.019813"], ["83995.98", "0.013"], ["83995.99", "0.013"], ["83996.09", "0"], ["83996.1", "0"], ["83996.53", "0.073652"]], "u": 73477, "seq": 67539111572}, "cts": 1742544102114, "record_time": 1742544102.573246, "EXCHANGE": "BYBIT"}
{"topic": "orderbook.200.BTCUSDT", "ts": 1742544102319, "type": "delta", "data": {"s": "BTCUSDT", "b": [["83943.4", "0.003"], ["83935.76", "0"], ["83934.75", "0.117148"], ["83934.6", "0"], ["83934.48", "0.124371"], ["83934.33", "0"], ["83930.87", "0.110916"], ["83930.72", "0"], ["83929.91", "0.060278"], ["83929.83", "0.178413"], ["83929.76", "0"], ["83924.68", "0.171202"], ["83924.53", "0"], ["83924.25", "0.167199"], ["83924.1", "0"], ["83923.87", "0.174717"], ["83923.72", "0"], ["83922.91", "0.059288"], ["83922.76", "0"], ["83922.45", "0.003"], ["83916.87", "0.294337"], ["83916.72", "0"], ["83915.91", "0.120402"], ["83915.58", "0.302822"], ["83915.43", "0"], ["83911.34", "0"], ["83911.33", "0"], ["83910.74", "0.000396"], ["83910.73", "0.000396"], ["83906.87", "0"], ["83905.26", "0"], ["83905.25", "0"], ["83904.86", "0.013"], ["83904.85", "0.012883"], ["83904.33", "0"], ["83904.32", "0"], ["83903.93", "0.04"], ["83903.92", "0.15889"], ["83901.68", "0"], ["83901.67", "0"], ["83901.28", "0.05"], ["83901.27", "0.049554"]], "a": [["83950.07", "0.135126"], ["83952.1", "0.071503"], ["83954.12", "0"], ["83954.36", "0.010693"], ["83959.1", "0"], ["83959.25", "0.121791"], ["83959.53", "0"], ["83959.68", "0.123634"], ["83963.62", "0"], ["83963.77", "0.10982"], ["83964.76", "0"], ["83964.91", "0.059775"], ["83969.07", "0.003576"], ["83969.48", "0.183691"], ["83969.6", "0"], ["83969.75", "0.178281"], ["83970.62", "0"], ["83970.77", "0.168104"], ["83971.13", "0.003"], ["83971.4", "0"], ["83971.76", "0"], ["83971.91", "0.058329"], ["83976.6", "0"], ["83976.75", "0.291914"], ["83977.62", "0"], ["83977.77", "0.285724"], ["83978.58", "0.310616"], ["83978.76", "0"], ["83978.91", "0.124037"], ["83986.71", "0"], ["83987.24", "0.0004"], ["83987.25", "0.000362"], ["83987.64", "0.000016"], ["83987.65", "0"], ["83995.68", "0.013"], ["83995.69", "0.01506"], ["83995.98", "0"], ["83995.99", "0"], ["83996.53", "0"]], "u": 73478, "seq": 67539111873}, "cts": 1742544102311, "record_time": 1742544102.574007, "EXCHANGE": "BYBIT"}
{"topic": "orderbook.200.BTCUSDT", "ts": 1742544102520, "type": "delta", "data": {"s": "BTCUSDT", "b": [["83947.64", "0.26883"], ["83947.01", "0"], ["83944.35", "0.011917"], ["83937.58", "0"], ["83937.52", "0.003"], ["83937.41", "0"], ["83937.32", "0.003"], ["83937.21", "0"], ["83934.83", "0.120035"], ["83934.75", "0"], ["83934.55", "0.12126"], ["83934.48", "0"], ["83930.95", "0.122488"], ["83930.87", "0"], ["83930.58", "0"], ["83930.27", "0.17872"], ["83929.99", "0.058378"], ["83929.91", "0"], ["83929.68", "0.045164"], ["83926.91", "0.178727"], ["83924.75", "0.164523"], ["83924.68", "0"], ["83924.33", "0.166588"], ["83924.25", "0"], ["83923.95", "0.166549"], ["83923.87", "0.001333"], ["83922.99", "0.058336"], ["83922.91", "0"], ["83916.95", "0.288025"], ["83916.87", "0"], ["83915.99", "0.1208"], ["83915.91", "0"], ["83915.65", "0.273741"], ["83915.58", "0"], ["83910.75", "0.0004"], ["83910.73", "0"], ["83904.86", "0"], ["83904.85", "0"], ["83904.84", "0.013"], ["83904.83", "0.012883"], ["83903.93", "0"], ["83903.91", "0.039641"], ["83901.28", "0"], ["83901.27", "0"], ["83901.26", "0.05"], ["83901.25", "0.049554"], ["83896.42", "0"], ["83896.39", "0"]], "a": [["83954.45", "0.011917"], ["83957.25", "0"], ["83959.25", "0"], ["83959.33", "0.120088"], ["83959.68", "0"], ["83959.75", "0.109089"], ["83963.77", "0"], ["83963.85", "0.114502"], ["83964.91", "0"], ["83964.99", "0.054673"], ["83969.48", "0"], ["83969.55", "0.173763"], ["83969.75", "0.000256"], ["83969.83", "0.166543"], ["83970.77", "0"], ["83970.85", "0.18355"], ["83971.91", "0"], ["83971.99", "0.057994"], ["83976.63", "0.003465"], ["83976.75", "0"], ["83976.83", "0.281187"], ["83977.77", "0"], ["83977.85", "0.292707"], ["83978.58", "0"], ["83978.65", "0.290529"], ["83978.91", "0"], ["83978.99", "0.111909"], ["83986.25", "0"], ["83994.51", "0.04"], ["83994.52", "0.04"], ["83995.12", "0"], ["83995.13", "0"], ["83995.37", "0.013"], ["83995.38", "0.013"], ["83995.68", "0"], ["83995.69", "0.00206"]], "u": 73479, "seq": 67539112128}, "cts": 1742544102515, "record_time": 1742544102.574633, "EXCHANGE": "BYBIT"}
{"topic": "orderbook.200.BTCUSDT", "ts": 1742544102720, "type": "delta", "data": {"s": "BTCUSDT", "b": [["83947.64", "0.255588"], ["83937.58", "0.024867"], ["83934.83", "0"], ["83934.76", "0.117036"], ["83934.55", "0"], ["83934.49", "0.112841"], ["83932.67", "0"], ["83930.95", "0"], ["83930.88", "0.114998"], ["83930.87", "0.044716"], ["83929.99", "0"], ["83929.92", "0.057"], ["83929.83", "0"], ["83929.68", "0"], ["83928.8", "0"], ["83928.78", "0.045204"], ["83927.26", "0"], ["83927", "0.044628"], ["83924.95", "0.028228"], ["83924.75", "0"], ["83924.69", "0.166095"], ["83924.33", "0"], ["83924.26", "0.18158"], ["83923.95", "0"], ["83923.88", "0.173968"], ["83922.99", "0"], ["83922.92", "0.06182"], ["83916.95", "0"], ["83916.88", "0.285481"], ["83915.99", "0"], ["83915.92", "0.121973"], ["83915.65", "0"], ["83915.59", "0.27325"], ["83910.75", "0"], ["83910.74", "0"], ["83910.65", "0.0004"], ["83910.64", "0.000396"], ["83904.84", "0"], ["83904.83", "0"], ["83904.74", "0.013"], ["83904.73", "0.012883"], ["83903.92", "0.119249"], ["83903.91", "0"], ["83903.82", "0.04"], ["83903.81", "0.039641"], ["83901.26", "0"], ["83901.25", "0"], ["83901.16", "0.05"], ["83901.15", "0.049554"], ["83897.09", "0"]], "a": [["83947.65", "0.465552"], ["83951.84", "0.000154"], ["83959.26", "0.120062"], ["83959.33", "0.000333"], ["83959.69", "0.291208"], ["83959.75", "0"], ["83963.78", "0.120034"], ["83963.85", "0"], ["83964.92", "0.058686"], ["83964.99", "0"], ["83968.66", "0.035743"], ["83969.49", "0.185342"], ["83969.55", "0"], ["83969.76", "0.174647"], ["83969.83", "0"], ["83970.78", "0.185669"], ["83970.85", "0"], ["83971.92", "0.061719"], ["83971.99", "0"], ["83976.76", "0.301097"], ["83976.83", "0"], ["83977.78", "0.287914"], ["83977.85", "0"], ["83978.59", "0.277612"], ["83978.65", "0"], ["83978.92", "0.123881"], ["83978.99", "0.000256"], ["83987.24", "0"], ["83987.25", "0"], ["83987.33", "0.0004"], ["83987.34", "0.000362"], ["83994.51", "0"], ["83994.52", "0"], ["83994.61", "0.04"], ["83994.62", "0.04"], ["83995.37", "0"], ["83995.38", "0"], ["83995.47", "0.013"], ["83995.48", "0.013"], ["83996.37", "0"], ["83996.51", "0"], ["83996.52", "0"]], "u": 73480, "seq": 67539112321}, "cts": 1742544102717, "record_time": 1742544102.758214, "EXCHANGE": "BYBIT"}
{"topic": "orderbook.200.BTCUSDT", "ts": 1742544102919, "type": "delta", "data": {"s": "BTCUSDT", "b": [["83947.64", "0.230721"], ["83938.35", "0"], ["83937.91", "0"], ["83937.58", "0"], ["83934.76", "0"], ["83934.49", "0"], ["83933.68", "0.000153"], ["83932.86", "0"], ["83931.16", "0.043306"], ["83930.88", "0"], ["83930.87", "0.043908"], ["83929.92", "0"], ["83929.68", "0.05"], ["83928.78", "0"], ["83928.63", "0.178723"], ["83927.84", "0.044603"], ["83927", "0"], ["83926.82", "0"], ["83924.95", "0"], ["83924.69", "0"], ["83924.66", "0.028829"], ["83924.26", "0"], ["83923.88", "0"], ["83922.92", "0"], ["83916.88", "0"], ["83915.92", "0"], ["83915.59", "0"], ["83910.65", "0"], ["83910.64", "0"], ["83909.95", "0.0004"], ["83909.94", "0.000396"], ["83904.74", "0"], ["83904.73", "0"], ["83903.84", "0.013"], ["83903.83", "0.012883"], ["83903.82", "0"], ["83903.81", "0"], ["83903.12", "0.04"], ["83903.11", "0.039642"], ["83901.16", "0"], ["83901.15", "0"], ["83900.47", "0.05"], ["83900.46", "0.049555"], ["83897.81", "0.357543"], ["83897.09", "0.023825"], ["83896.42", "0.000256"], ["83896.39", "0.000333"], ["83896.17", "0.023825"], ["83896", "0.000118"], ["83895.89", "0.000256"], ["83895.04", "0.119249"], ["83894.95", "0.028201"], ["83894.68", "0.515638"], ["83894.5", "0.001333"], ["83894.29", "0.001466"], ["83894.26", "0.162469"]], "a": [["83951.84", "0.001897"], ["83959.26", "0"], ["83959.69", "0.171"], ["83963.78", "0"], ["83964.92", "0"], ["83968.66", "0"], ["83969.49", "0"], ["83969.76", "0"], ["83970.78", "0"], ["83971.92", "0"], ["83976.76", "0"], ["83977.78", "0"], ["83978.59", "0"], ["83978.92", "0"], ["83987.23", "0.0004"], ["83987.24", "0.000362"], ["83987.33", "0"], ["83987.34", "0"], ["83994.5", "0.04"], ["83994.51", "0.04"], ["83994.61", "0"], ["83994.62", "0"], ["83996.37", "0.000356"], ["83996.51", "0.0015"], ["83996.52", "0.003"], ["83996.53", "0.073652"], ["83996.68", "0.002144"], ["83996.74", "0.292606"], ["83997.12", "0.000333"], ["83997.47", "0.000256"], ["83997.53", "0.022995"], ["83997.99", "0.000256"], ["83998.14", "0.11"], ["83999.41", "1.787156"]], "u": 73481, "seq": 67539112506}, "cts": 1742544102917, "record_time": 1742544102.922974, "EXCHANGE": "BYBIT"}
{"topic": "orderbook.200.BTCUSDT", "ts": 1742544103119, "type": "delta", "data": {"s": "BTCUSDT", "b": [["83947.64", "0.255588"], ["83934.76", "0.10946"], ["83934.49", "0.113969"], ["83930.88", "0.113624"], ["83930.27", "0"], ["83929.92", "0.059877"], ["83928.63", "0"], ["83927.84", "0"], ["83927.6", "0.044603"], ["83926.91", "0"], ["83926.45", "0.009056"], ["83925.2", "0.029044"], ["83924.69", "0.164847"], ["83924.66", "0"], ["83924.26", "0.173924"], ["83923.88", "0.187532"], ["83922.92", "0.059069"], ["83916.88", "0.274627"], ["83915.92", "0.113649"], ["83915.59", "0.305077"], ["83911.63", "0"], ["83908.8", "0.127394"], ["83904.04", "0.013"], ["83904.03", "0.012883"], ["83903.84", "0"], ["83903.83", "0"], ["83899.76", "0.11"], ["83897.81", "0"], ["83896.17", "0"], ["83896", "0"], ["83895.89", "0"], ["83895.04", "0"], ["83894.95", "0"], ["83894.68", "0"], ["83894.5", "0"], ["83894.29", "0"], ["83894.26", "0"]], "a": [["83959.26", "0.112114"], ["83959.69", "0.292088"], ["83963.78", "0.116193"], ["83964.92", "0.058175"], ["83968.66", "0.035743"], ["83969.49", "0.173148"], ["83969.76", "0.175453"], ["83970.78", "0.176707"], ["83971.92", "0.0574"], ["83976.76", "0.296115"], ["83977.78", "0.296428"], ["83978.59", "0.291355"], ["83978.92", "0.114387"], ["83987.24", "0.000361"], ["83995.36", "0.013"], ["83995.37", "0.013"], ["83995.47", "0"], ["83995.48", "0"], ["83996.37", "0"], ["83996.51", "0"], ["83996.52", "0"], ["83996.53", "0"], ["83996.68", "0"], ["83996.74", "0"], ["83997.12", "0"], ["83997.47", "0"], ["83997.53", "0"], ["83997.99", "0"], ["83998.14", "0"], ["83999.41", "0"]], "u": 73482, "seq": 67539112673}, "cts": 1742544103116, "record_time": 1742544103.116451, "EXCHANGE": "BYBIT"}
{"topic": "orderbook.200.BTCUSDT", "ts": 1742544103320, "type": "delta", "data": {"s": "BTCUSDT", "b": [["83947.64", "0.261518"], ["83946.81", "0"], ["83937.58", "0.024867"], ["83934.76", "0"], ["83934.64", "0.121891"], ["83934.49", "0"], ["83934.37", "0.113503"], ["83930.88", "0"], ["83930.76", "0.115347"], ["83929.92", "0"], ["83929.8", "0.058448"], ["83926.45", "0"], ["83924.84", "0"], ["83924.69", "0"], ["83924.57", "0.175324"], ["83924.26", "0"], ["83924.14", "0.175173"], ["83923.88", "0"], ["83923.76", "0.183138"], ["83922.92", "0"], ["83922.8", "0.055999"], ["83921.23", "0.023824"], ["83916.88", "0"], ["83916.76", "0.275161"], ["83915.92", "0"], ["83915.8", "0.111029"], ["83915.77", "0.071534"], ["83915.59", "0"], ["83915.47", "0.311257"], ["83911.63", "0.127394"], ["83908.8", "0"], ["83899.76", "0"], ["83896.17", "0.023825"]], "a": [["83951.84", "0.003721"], ["83959.14", "0.123704"], ["83959.26", "0"], ["83959.57", "0.11151"], ["83959.69", "0.171"], ["83963.66", "0.119801"], ["83963.78", "0"], ["83964.8", "0.055564"], ["83964.92", "0"], ["83968.66", "0"], ["83969.37", "0.171796"], ["83969.49", "0"], ["83969.64", "0.167787"], ["83969.76", "0"], ["83970.66", "0.173785"], ["83970.78", "0"], ["83971.8", "0.059017"], ["83971.92", "0"], ["83975.73", "0.023824"], ["83976.64", "0.308613"], ["83976.76", "0"], ["83977.66", "0.305809"], ["83977.78", "0"], ["83978.47", "0.284659"], ["83978.59", "0"], ["83978.8", "0.118836"], ["83978.92", "0"], ["83996.19", "0"]], "u": 73483, "seq": 67539112944}, "cts": 1742544103316, "record_time": 1742544103.316304, "EXCHANGE": "BYBIT"}
{"topic": "orderbook.200.BTCUSDT", "ts": 1742544103520, "type": "delta", "data": {"s": "BTCUSDT", "b": [["83947.64", "0.247821"], ["83944.35", "0"], ["83943.39", "0"], ["83937.63", "0"], ["83937.58", "0"], ["83935.34", "0.113709"], ["83934.64", "0"], ["83934.37", "0"], ["83933.41", "0.178713"], ["83931.46", "0.116356"], ["83930.8", "0.11971"], ["83930.76", "0"], ["83930.5", "0.062193"], ["83929.86", "0.112822"], ["83929.8", "0"], ["83929.68", "0.045059"], ["83929.14", "0.009668"], ["83925.54", "0.071616"], ["83925.31", "0"], ["83925.2", "0.020729"], ["83924.84", "0.168486"], ["83924.57", "0"], ["83924.46", "0.185848"], ["83924.14", "0"], ["83923.76", "0"], ["83922.8", "0"], ["83919.59", "0"], ["83919.54", "0.035744"], ["83916.76", "0"], ["83915.8", "0"], ["83915.77", "0"], ["83915.47", "0"], ["83911.63", "0"], ["83909.95", "0"], ["83909.94", "0"], ["83909.75", "0.0004"], ["83909.74", "0.000396"], ["83908.8", "0.127393"], ["83905.24", "0.001786"], ["83904.04", "0"], ["83904.03", "0"], ["83903.84", "0.013"], ["83903.83", "0.012883"], ["83903.12", "0"], ["83903.11", "0"], ["83902.92", "0.04"], ["83902.91", "0.039642"], ["83900.48", "0.357531"], ["83900.47", "0"], ["83900.46", "0"], ["83900.27", "0.05"], ["83900.26", "0.049555"], ["83896", "0.000118"], ["83895.89", "0.000256"], ["83895.04", "0.119249"], ["83894.95", "0.028201"], ["83894.68", "0.515638"], ["83894.5", "0.001333"]], "a": [["83947.65", "0.180752"], ["83950.07", "0.132126"], ["83951.84", "0"], ["83952.1", "0"], ["83954.45", "0"], ["83954.72", "0.071501"], ["83958.19", "0"], ["83959.14", "0"], ["83959.57", "0"], ["83959.84", "0.113256"], ["83959.89", "0.011917"], ["83960.26", "0.114727"], ["83960.87", "0"], ["83961.26", "0"], ["83963.66", "0"], ["83964.36", "0.116326"], ["83964.8", "0"], ["83965.5", "0.056632"], ["83966.19", "0.023834"], ["83968.62", "0.035744"], ["83969.37", "0"], ["83969.64", "0"], ["83970.06", "0.166245"], ["83970.34", "0.165038"], ["83970.66", "0"], ["83971.36", "0.187119"], ["83971.8", "0"], ["83972.5", "0.054663"], ["83974.41", "0.001231"], ["83976.64", "0"], ["83976.93", "0.001231"], ["83977.34", "0.27313"], ["83977.66", "0"], ["83978.36", "0.289917"], ["83978.47", "0"], ["83978.8", "0"], ["83987.23", "0"], ["83987.24", "0"], ["83987.43", "0.0004"], ["83987.44", "0.000361"], ["83994.5", "0"], ["83994.51", "0"], ["83994.7", "0.04"], ["83994.71", "0.04"], ["83995.36", "0"], ["83995.37", "0"], ["83995.56", "0.013"], ["83995.57", "0.013"], ["83996.19", "0.000874"], ["83996.37", "0.000356"]], "u": 73484, "seq": 67539113432}, "cts": 1742544103516, "record_time": 1742544103.516767, "EXCHANGE": "BYBIT"}
{"topic": "orderbook.200.BTCUSDT", "ts": 1742544103719, "type": "delta", "data": {"s": "BTCUSDT", "b": [["83947.64", "0.437758"], ["83946.81", "0.001353"], ["83935.63", "0.112061"], ["83935.36", "0.111"], ["83935.34", "0"], ["83933.76", "0.178712"], ["83933.41", "0"], ["83931.75", "0.119304"], ["83931.46", "0"], ["83930.8", "0.174558"], ["83930.5", "0"], ["83929.68", "0"], ["83929.38", "0.0448"], ["83927.6", "0.044348"], ["83926.11", "0.020742"], ["83925.56", "0.166217"], ["83925.2", "0"], ["83925.13", "0.180297"], ["83924.84", "0"], ["83924.75", "0.172949"], ["83924.46", "0"], ["83924.27", "0.119122"], ["83923.8", "0.05752"], ["83917.75", "0.283261"], ["83916.8", "0.108551"], ["83916.46", "0.307077"], ["83911.63", "0.127393"], ["83910.55", "0.0004"], ["83910.54", "0.000396"], ["83909.75", "0"], ["83909.74", "0"], ["83908.8", "0"], ["83903.62", "0.04"], ["83903.61", "0.039641"], ["83902.92", "0"], ["83902.91", "0"], ["83901.33", "0.357529"], ["83901.07", "0.05"], ["83901.06", "0.049554"], ["83900.48", "0"], ["83900.27", "0"], ["83900.26", "0"], ["83898.1", "0.024358"], ["83896.39", "0"], ["83896.17", "0"], ["83896", "0"], ["83895.89", "0"], ["83895.04", "0"], ["83894.95", "0"], ["83894.68", "0"], ["83894.5", "0"]], "a": [["83954.36", "0.00068"], ["83959.84", "0"], ["83960.13", "0.111658"], ["83960.26", "0"], ["83960.42", "0"], ["83960.56", "0.112567"], ["83962.52", "0.023988"], ["83964.36", "0"], ["83964.65", "0.120682"], ["83965.5", "0"], ["83965.8", "0.058688"], ["83968.62", "0"], ["83969.07", "0"], ["83970.06", "0"], ["83970.34", "0"], ["83970.36", "0.185433"], ["83970.63", "0.16458"], ["83971.36", "0"], ["83971.65", "0.182995"], ["83972.15", "0.003473"], ["83972.5", "0"], ["83972.8", "0.058022"], ["83974.41", "0"], ["83974.79", "0.001289"], ["83974.94", "0.001314"], ["83976.08", "0"], ["83976.63", "0"], ["83976.93", "0"], ["83977.34", "0"], ["83977.63", "0.294893"], ["83978.36", "0"], ["83978.65", "0.298322"], ["83979.46", "0.298056"], ["83979.8", "0.112858"], ["83982.31", "0"], ["83987.23", "0.0004"], ["83987.24", "0.000361"], ["83987.43", "0"], ["83987.44", "0"], ["83994.6", "0.04"], ["83994.61", "0.04"], ["83994.7", "0"], ["83994.71", "0"], ["83996.51", "0.0015"], ["83996.52", "0.003"]], "u": 73485, "seq": 67539113742}, "cts": 1742544103713, "record_time": 1742544103.804448, "EXCHANGE": "BYBIT"}
{"topic": "orderbook.200.BTCUSDT", "ts": 1742544103920, "type": "delta", "data": {"s": "BTCUSDT", "b": [["83937.58", "0.024867"], ["83931.76", "0.042797"], ["83931.47", "0.044194"], ["83931.16", "0"], ["83930.87", "0"], ["83926.39", "0.009135"], ["83926.11", "0"], ["83925.53", "0.027028"], ["83904.64", "0.013"], ["83904.63", "0.012883"], ["83903.84", "0"], ["83903.83", "0"], ["83903.73", "0.054014"], ["83903.72", "0.039641"], ["83903.62", "0"], ["83903.61", "0"], ["83901.33", "0"], ["83899.7", "0.357534"], ["83897.47", "0"]], "a": [["83954.36", "0.000193"], ["83963.22", "0.178683"], ["83968.38", "0.178683"], ["83974.79", "0"], ["83974.94", "0"], ["83975.43", "0.001405"], ["83987.22", "0.0004"], ["83987.23", "0.000361"], ["83987.24", "0"], ["83994.5", "0.04"], ["83994.51", "0.04"], ["83994.6", "0"], ["83994.61", "0"], ["83995.35", "0.013"], ["83995.36", "0.013"], ["83995.56", "0"], ["83995.57", "0"], ["83996.52", "0"]], "u": 73486, "seq": 67539113855}, "cts": 1742544103914, "record_time": 1742544103.915639, "EXCHANGE": "BYBIT"}
{"topic": "orderbook.200.BTCUSDT", "ts": 1742544104120, "type": "delta", "data": {"s": "BTCUSDT", "b": [["83947.64", "0.420633"], ["83944.84", "0"], ["83939.12", "0.089922"], ["83937.58", "0.024255"], ["83936.97", "0.000153"], ["83933.68", "0"], ["83925.53", "0.020682"], ["83911.63", "0"], ["83905.24", "0"], ["83904.64", "0"], ["83904.63", "0.025766"], ["83903.74", "0.35752"], ["83899.7", "0"], ["83896.39", "0.000333"], ["83896.17", "0.023825"], ["83896", "0.000118"]], "a": [["83954.36", "0"], ["83962.52", "0"], ["83963.22", "0"], ["83964.61", "0"], ["83964.9", "0.204"], ["83968.38", "0"], ["83974.92", "0.00131"], ["83977.44", "0.00131"], ["83996.52", "0.003"], ["83996.53", "0.073652"], ["83996.68", "0.002144"]], "u": 73487, "seq": 67539113998}, "cts": 1742544104117, "record_time": 1742544104.133603, "EXCHANGE": "BYBIT"}
{"topic": "orderbook.200.BTCUSDT", "ts": 1742544104320, "type": "delta", "data": {"s": "BTCUSDT", "b": [["83947.64", "0.453351"], ["83946.6", "0.089922"], ["83937.58", "0.202959"], ["83937.14", "0.111526"], ["83936.86", "0.115974"], ["83935.63", "0"], ["83935.36", "0"], ["83933.49", "0"], ["83933.26", "0.114705"], ["83932.3", "0.056473"], ["83931.75", "0"], ["83930.8", "0"], ["83927.06", "0.175018"], ["83926.64", "0.175154"], ["83926.26", "0.171179"], ["83925.56", "0"], ["83925.3", "0.05515"], ["83925.13", "0"], ["83924.75", "0"], ["83923.8", "0"], ["83922.78", "0.003"], ["83922.45", "0"], ["83919.26", "0.299775"], ["83918.3", "0.122065"], ["83917.96", "0.299144"], ["83917.75", "0"], ["83916.8", "0"], ["83916.46", "0"], ["83911.63", "0.127393"], ["83903.74", "0"], ["83903.23", "0.11"], ["83902.61", "0.357523"], ["83900.53", "0.11"], ["83896.17", "0"], ["83896", "0"]], "a": [["83960.13", "0"], ["83960.56", "0"], ["83961.64", "0.12651"], ["83962.06", "0.115169"], ["83964.08", "0.023242"], ["83964.65", "0"], ["83965.8", "0"], ["83966.16", "0.118226"], ["83967.3", "0.054927"], ["83970.36", "0"], ["83970.63", "0"], ["83970.78", "0.178683"], ["83970.8", "0.003"], ["83971.13", "0"], ["83971.65", "0"], ["83971.86", "0.180966"], ["83972.14", "0.182008"], ["83972.58", "0.178683"], ["83972.8", "0"], ["83973.16", "0.175594"], ["83973.74", "0.001144"], ["83974.3", "0.059245"], ["83974.92", "0"], ["83975.43", "0"], ["83976.78", "0.178683"], ["83977.44", "0"], ["83977.63", "0"], ["83978.65", "0"], ["83979.14", "0.294434"], ["83979.46", "0"], ["83979.8", "0"], ["83980.16", "0.272249"], ["83980.96", "0.298795"], ["83981.3", "0.118521"], ["83987.02", "0.0004"], ["83987.03", "0.000361"], ["83987.22", "0"], ["83987.23", "0"], ["83996.68", "0"]], "u": 73488, "seq": 67539114305}, "cts": 1742544104317, "record_time": 1742544104.329288, "EXCHANGE": "BYBIT"}
{"topic": "orderbook.200.BTCUSDT", "ts": 1742544104520, "type": "delta", "data": {"s": "BTCUSDT", "b": [["83947.64", "0.427696"], ["83937.58", "0.178704"], ["83937.52", "0"], ["83937.46", "0.003"], ["83937.32", "0"], ["83937.26", "0.003"], ["83937.14", "0"], ["83936.86", "0"], ["83933.26", "0"], ["83932.3", "0.0008"], ["83927.06", "0"], ["83926.64", "0"], ["83926.26", "0"], ["83925.3", "0"], ["83919.26", "0"], ["83918.3", "0"], ["83917.96", "0"], ["83910.55", "0"], ["83910.54", "0"], ["83910.25", "0.119649"], ["83910.24", "0.004993"], ["83904.63", "0"], ["83904.24", "0.013"], ["83904.23", "0.012883"], ["83903.73", "0.014014"], ["83903.72", "0"], ["83903.33", "0.04"], ["83903.32", "0.039641"], ["83902.61", "0"], ["83901.33", "0.357525"], ["83901.07", "0"], ["83901.06", "0"], ["83900.67", "0.05"], ["83900.66", "0.049555"], ["83896.17", "0.023825"], ["83896", "0.000118"], ["83895.9", "0.2"], ["83895.89", "0.000256"], ["83895.79", "9.116081"], ["83895.04", "0.119249"], ["83894.95", "0.028201"], ["83894.68", "0.515638"], ["83894.5", "0.001333"], ["83894.29", "0.001466"]], "a": [["83961.64", "0.001333"], ["83962.06", "0"], ["83966.16", "0"], ["83967.3", "0"], ["83971.86", "0"], ["83972.14", "0"], ["83973.16", "0"], ["83973.74", "0"], ["83974.3", "0"], ["83979.14", "0"], ["83980.16", "0"], ["83980.96", "0"], ["83981.3", "0"], ["83987.02", "0"], ["83987.03", "0"], ["83987.73", "0.0004"], ["83987.74", "0.000361"], ["83994.5", "0"], ["83994.51", "0"], ["83995.1", "0.04"], ["83995.11", "0.04"], ["83995.35", "0"], ["83995.36", "0"], ["83995.95", "0.013"], ["83995.96", "0.013"], ["83996.68", "0.002144"], ["83996.74", "0.292606"], ["83997.12", "0.000333"], ["83997.47", "0.000256"], ["83997.93", "0.025968"], ["83997.99", "0.000256"], ["83999.41", "1.787156"], ["83999.43", "0.001333"], ["83999.94", "0.015"], ["84000", "0.187181"], ["84000.48", "0.001466"], ["84001.06", "0.00009"]], "u": 73489, "seq": 67539114554}, "cts": 1742544104517, "record_time": 1742544104.515493, "EXCHANGE": "BYBIT"}
{"topic": "orderbook.200.BTCUSDT", "ts": 1742544104720, "type": "delta", "data": {"s": "BTCUSDT", "b": [["83947.64", "0.634574"], ["83945.58", "0.023833"], ["83943.39", "0.119249"], ["83940.04", "0"], ["83939.94", "0.178699"], ["83939.44", "0.000153"], ["83937.58", "0"], ["83936.97", "0"], ["83936.96", "0.123322"], ["83936.69", "0.109052"], ["83933.76", "0"], ["83933.08", "0.113392"], ["83932.12", "0.060997"], ["83926.89", "0.178299"], ["83926.61", "0.020682"], ["83926.46", "0.16798"], ["83926.08", "0.181014"], ["83925.53", "0"], ["83925.12", "0.060789"], ["83919.08", "0.291871"], ["83918.12", "0.120704"], ["83917.79", "0.290282"], ["83914.46", "0.127393"], ["83913.15", "0.024358"], ["83911.63", "0"], ["83911.05", "0.0004"], ["83911.04", "0.000396"], ["83910.25", "0.119249"], ["83910.24", "0.004597"], ["83909.73", "0.357754"], ["83904.34", "0.013"], ["83904.33", "0.012883"], ["83904.24", "0"], ["83904.23", "0"], ["83903.43", "0.04"], ["83903.42", "0.039641"], ["83903.33", "0"], ["83903.32", "0"], ["83901.44", "9.111392"], ["83901.33", "0"], ["83901.23", "0.089341"], ["83900.77", "0.05"], ["83900.76", "0.049555"], ["83900.67", "0"], ["83900.66", "0"], ["83900.53", "0"], ["83898.1", "0"], ["83897.09", "0"], ["83896.42", "0"], ["83896.39", "0"], ["83896.17", "0"], ["83896", "0"], ["83895.9", "0"], ["83895.89", "0"], ["83895.79", "0"], ["83895.04", "0"], ["83894.95", "0"], ["83894.68", "0"], ["83894.5", "0"], ["83894.29", "0"]], "a": [["83947.65", "0.029752"], ["83954.72", "0"], ["83958.22", "0.071498"], ["83959.89", "0"], ["83961.46", "0.118934"], ["83961.89", "0.122312"], ["83963.16", "0.011916"], ["83964.08", "0"], ["83965.98", "0.112452"], ["83967.12", "0.054239"], ["83968.78", "0"], ["83971.69", "0.165067"], ["83971.96", "0.175356"], ["83972.35", "0.008398"], ["83972.98", "0.184179"], ["83974.12", "0.054617"], ["83978.96", "0.283827"], ["83979.98", "0.308544"], ["83980.79", "0.309548"], ["83981.12", "0.110862"], ["83987.73", "0"], ["83987.74", "0"], ["83988.63", "0.0004"], ["83988.64", "0.000361"], ["83995.1", "0"], ["83995.11", "0"], ["83995.9", "0.04"], ["83995.91", "0.04"], ["83995.95", "0"], ["83995.96", "0"], ["83996.75", "0.013"], ["83997.12", "0"], ["83997.47", "0"], ["83997.93", "0"], ["83997.99", "0"], ["83999.41", "0"], ["83999.43", "0"], ["83999.94", "0"], ["84000", "0"], ["84000.48", "0"], ["84001.06", "0"]], "u": 73490, "seq": 67539114986}, "cts": 1742544104716, "record_time": 1742544104.723382, "EXCHANGE": "BYBIT"}
{"topic": "orderbook.200.BTCUSDT", "ts": 1742544104919, "type": "delta", "data": {"s": "BTCUSDT", "b": [["83947.64", "0.463574"], ["83914.46", "0.127394"], ["83911.15", "0.0004"], ["83911.14", "0.000396"], ["83911.05", "0"], ["83911.04", "0"], ["83909.73", "0.000256"], ["83905.25", "0.013"], ["83905.24", "0.012883"], ["83904.41", "0.357505"], ["83904.34", "0"], ["83904.33", "0"], ["83901.67", "0.05"], ["83901.66", "0.049554"], ["83900.77", "0"], ["83900.76", "0"], ["83897.6", "0"]], "a": [["83958.22", "0"], ["83973.3", "0.178683"], ["83977.91", "0.001397"], ["83988.52", "0.0004"], ["83988.53", "0.000361"], ["83988.63", "0"], ["83988.64", "0"], ["83995.9", "0"], ["83995.91", "0"], ["83996", "0.04"], ["83996.01", "0.04"], ["83996.65", "0.013"], ["83996.66", "0.013"], ["83996.68", "0"], ["83996.74", "0"], ["83996.75", "0"]], "u": 73491, "seq": 67539115180}, "cts": 1742544104916, "record_time": 1742544104.915115, "EXCHANGE": "BYBIT"}
{"topic": "orderbook.200.BTCUSDT", "ts": 1742544105120, "type": "delta", "data": {"s": "BTCUSDT", "b": [["83947.64", "0.439319"], ["83946.6", "0"], ["83937.58", "0.024255"], ["83911.25", "0.0004"], ["83911.24", "0.000396"], ["83911.15", "0"], ["83911.14", "0"], ["83901.77", "0.05"], ["83901.76", "0.049554"], ["83901.67", "0"], ["83901.66", "0"], ["83901.44", "0"], ["83897.6", "0.04"]], "a": [["83968.66", "0.029752"], ["83973.3", "0"], ["83974.3", "0.001216"], ["83976.82", "0.001216"], ["83977.91", "0"], ["83996.66", "0"]], "u": 73492, "seq": 67539115340}, "cts": 1742544105113, "record_time": 1742544105.173265, "EXCHANGE": "BYBIT"}
{"topic": "orderbook.200.BTCUSDT", "ts": 1742544105319, "type": "delta", "data": {"s": "BTCUSDT", "b": [["83947.64", "0.463509"], ["83947.28", "0.089922"], ["83937.58", "0"], ["83936.96", "0"], ["83936.69", "0"], ["83935.49", "0.121905"], ["83935.21", "0.114544"], ["83933.08", "0"], ["83932.12", "0"], ["83931.61", "0.118398"], ["83930.65", "0.060917"], ["83926.89", "0"], ["83926.46", "0"], ["83926.08", "0"], ["83925.41", "0.179606"], ["83925.12", "0"], ["83924.99", "0.169549"], ["83924.61", "0.171514"], ["83923.65", "0.05883"], ["83919.08", "0"], ["83918.12", "0"], ["83917.79", "0"], ["83917.61", "0.27475"], ["83916.65", "0.233334"], ["83916.31", "0.278196"], ["83904.43", "0.063768"], ["83904.42", "0.397154"], ["83904.41", "0"], ["83903.43", "0"], ["83903.42", "0"], ["83901.44", "9.111392"], ["83897.09", "0.023825"], ["83896.42", "0.000256"]], "a": [["83959.99", "0.124041"], ["83960.41", "0.113694"], ["83961.46", "0"], ["83961.89", "0"], ["83964.51", "0.112428"], ["83965.65", "0.057656"], ["83965.98", "0"], ["83967.12", "0"], ["83970.21", "0.184171"], ["83970.49", "0.168178"], ["83971.51", "0.18067"], ["83971.69", "0"], ["83971.96", "0"], ["83972.65", "0.061368"], ["83972.98", "0"], ["83973.3", "0.178683"], ["83974.12", "0"], ["83974.3", "0"], ["83976.82", "0"], ["83977.49", "0.280902"], ["83978.51", "0.301369"], ["83978.96", "0"], ["83979.31", "0.31219"], ["83979.65", "0.110691"], ["83979.98", "0"], ["83980.79", "0"], ["83981.12", "0"], ["83988.53", "0.000362"], ["83995.79", "0.04"], ["83995.8", "0.04"], ["83996", "0"], ["83996.01", "0"], ["83996.66", "0.013"]], "u": 73493, "seq": 67539115542}, "cts": 1742544105316, "record_time": 1742544105.373131, "EXCHANGE": "BYBIT"}
{"topic": "orderbook.200.BTCUSDT", "ts": 1742544105520, "type": "delta", "data": {"s": "BTCUSDT", "b": [["83947.64", "0.462834"], ["83947.6", "0.0012"], ["83936.96", "0.11532"], ["83936.69", "0.11902"], ["83935.49", "0"], ["83935.21", "0"], ["83933.08", "0.120915"], ["83932.13", "0.062095"], ["83931.61", "0"], ["83930.65", "0"], ["83926.89", "0.187282"], ["83926.46", "0.178903"], ["83926.08", "0.184877"], ["83925.41", "0"], ["83925.13", "0.056516"], ["83924.99", "0"], ["83924.61", "0"], ["83923.65", "0"], ["83919.08", "0.307948"], ["83918.13", "0.116363"], ["83917.79", "0.283139"], ["83917.61", "0"], ["83916.65", "0.119249"], ["83916.31", "0"], ["83904.44", "0.357512"], ["83904.42", "0.03964"], ["83897.09", "0"], ["83896.42", "0"]], "a": [["83947.65", "0.029455"], ["83959.99", "0"], ["83960.41", "0"], ["83961.46", "0.117751"], ["83961.89", "0.114347"], ["83964.51", "0"], ["83964.75", "0.023724"], ["83965.65", "0"], ["83965.98", "0.119008"], ["83967.13", "0.057458"], ["83968.66", "0"], ["83970.21", "0"], ["83970.49", "0"], ["83971.51", "0"], ["83971.69", "0.169157"], ["83971.96", "0.172589"], ["83972.65", "0"], ["83972.98", "0.164415"], ["83973.55", "0.001123"], ["83974.13", "0.059205"], ["83976.07", "0.001123"], ["83977.49", "0"], ["83978.51", "0"], ["83978.96", "0.31149"], ["83979.31", "0"], ["83979.65", "0"], ["83979.98", "0.272787"], ["83980.79", "0.28925"], ["83981.13", "0.118055"], ["83988.22", "0.0004"], ["83988.23", "0.000618"], ["83988.52", "0"], ["83988.53", "0"], ["83996.66", "0"]], "u": 73494, "seq": 67539115798}, "cts": 1742544105516, "record_time": 1742544105.515045, "EXCHANGE": "BYBIT"}
{"topic": "orderbook.200.BTCUSDT", "ts": 1742544105719, "type": "delta", "data": {"s": "BTCUSDT", "b": [["83947.64", "0.465463"], ["83947.28", "0"], ["83931.47", "0.043964"], ["83927.6", "0.044119"], ["83926.61", "0"], ["83926.16", "0.020695"], ["83914.46", "0.127406"], ["83913.15", "0"], ["83911.25", "0.000396"], ["83905.35", "0.013"], ["83905.34", "0.012882"], ["83905.33", "0.11"], ["83905.25", "0"], ["83905.24", "0"], ["83902.17", "0.024358"], ["83901.44", "0"], ["83899.54", "0.2"]], "a": [["83968.63", "0.029455"], ["83973.55", "0"], ["83974.66", "0.001268"], ["83974.9", "0.001564"], ["83976.07", "0"], ["83977.17", "0.001268"], ["83977.42", "0.001308"], ["83988.22", "0.000362"], ["83995.49", "0.04"], ["83995.5", "0.04"], ["83995.79", "0"], ["83995.8", "0"], ["83996.35", "0.013"], ["83996.36", "0.013"], ["83996.51", "0"], ["83996.52", "0"], ["83996.53", "0"], ["83996.65", "0"]], "u": 73495, "seq": 67539115985}, "cts": 1742544105718, "record_time": 1742544105.713908, "EXCHANGE": "BYBIT"}
{"topic": "orderbook.200.BTCUSDT", "ts": 1742544105920, "type": "delta", "data": {"s": "BTCUSDT", "b": [["83947.64", "0.636463"], ["83937.58", "0.024255"], ["83936.96", "0.121841"], ["83936.69", "0.115075"], ["83933.08", "0.110442"], ["83932.13", "0.059108"], ["83926.89", "0.177674"], ["83926.46", "0.179448"], ["83926.08", "0.180078"], ["83925.13", "0.060439"], ["83919.08", "0.30172"], ["83918.13", "0.117776"], ["83917.79", "0.288394"], ["83911.26", "0.0004"], ["83911.24", "0"], ["83907.24", "0.357502"], ["83905.45", "0.013"], ["83905.44", "0.012882"], ["83905.35", "0"], ["83905.34", "0"], ["83904.44", "0"], ["83901.88", "0.05"], ["83901.87", "0.049554"], ["83901.77", "0"], ["83901.76", "0"], ["83899.54", "0"], ["83898.62", "9.1047"], ["83897.6", "0"]], "a": [["83947.65", "0.02925"], ["83961.46", "0.109927"], ["83961.89", "0.122583"], ["83965.98", "0.123911"], ["83967.13", "0.055557"], ["83971.69", "0.17461"], ["83971.96", "0.163458"], ["83972.98", "0.168239"], ["83974.13", "0.060713"], ["83974.66", "0"], ["83974.9", "0.000256"], ["83977.04", "0.001248"], ["83977.17", "0"], ["83977.42", "0"], ["83978.96", "0.27685"], ["83979.98", "0.29621"], ["83980.79", "0.275176"], ["83981.13", "0.109603"], ["83988.11", "0.0004"], ["83988.12", "0.000362"], ["83988.22", "0"], ["83988.23", "0.000256"], ["83995.39", "0.04"], ["83995.4", "0.04"], ["83995.49", "0"], ["83995.5", "0"], ["83996.14", "0.013"], ["83996.15", "0.013"], ["83996.35", "0"], ["83996.36", "0"], ["83996.51", "0.0015"]], "u": 73496, "seq": 67539116240}, "cts": 1742544105916, "record_time": 1742544105.916054, "EXCHANGE": "BYBIT"}
{"topic": "orderbook.200.BTCUSDT", "ts": 1742544106120, "type": "delta", "data": {"s": "BTCUSDT", "b": [["83945.88", "0.089922"], ["83942.67", "0.000153"], ["83939.44", "0"], ["83937.58", "0"], ["83937.12", "0.178705"], ["83937.02", "0.122221"], ["83936.96", "0"], ["83936.74", "0.123264"], ["83936.69", "0"], ["83934.88", "0"], ["83933.14", "0.118101"], ["83933.08", "0"], ["83932.18", "0.061632"], ["83932.13", "0"], ["83930.48", "0.178683"], ["83929.86", "0"], ["83926.94", "0.185867"], ["83926.89", "0"], ["83926.52", "0.169129"], ["83926.46", "0"], ["83926.14", "0.177902"], ["83926.08", "0"], ["83925.18", "0.056842"], ["83925.13", "0"], ["83924.27", "0"], ["83919.14", "0.30011"], ["83919.08", "0"], ["83918.18", "0.117487"], ["83918.13", "0"], ["83917.84", "0.285022"], ["83917.79", "0"], ["83909.44", "0.023422"], ["83907.24", "0"], ["83905.45", "0"], ["83905.44", "0"], ["83905.35", "0.013"], ["83905.34", "0.012882"], ["83904.43", "0.04"], ["83903.23", "0"], ["83902.61", "0.35752"], ["83901.88", "0"], ["83901.87", "0"], ["83901.78", "0.05"], ["83901.77", "0.049554"], ["83898.62", "0"], ["83897.6", "0.04"], ["83897.09", "0.023825"]], "a": [["83947.65", "0.023294"], ["83954.05", "0.071501"], ["83961.46", "0"], ["83961.52", "0.120945"], ["83961.89", "0"], ["83961.94", "0.123619"], ["83964.75", "0"], ["83965.98", "0"], ["83966.04", "0.116766"], ["83967.13", "0"], ["83967.18", "0.060724"], ["83968.63", "0"], ["83969.47", "0.023294"], ["83970.78", "0"], ["83971.69", "0"], ["83971.74", "0.16527"], ["83971.96", "0"], ["83972.02", "0.166313"], ["83972.98", "0"], ["83973.04", "0.17999"], ["83973.3", "0"], ["83974.13", "0"], ["83974.18", "0.057424"], ["83974.2", "0.001203"], ["83976.72", "0.001203"], ["83976.78", "0"], ["83977.04", "0"], ["83978.96", "0"], ["83979.02", "0.303741"], ["83979.98", "0"], ["83980.04", "0.305431"], ["83980.79", "0"], ["83980.84", "0.311382"], ["83981.13", "0"], ["83981.18", "0.124324"], ["83988.11", "0"], ["83988.12", "0"], ["83988.31", "0.0004"], ["83988.32", "0.000362"], ["83988.39", "0"], ["83993.4", "0.023607"], ["83995.39", "0"], ["83995.4", "0"], ["83995.59", "0.04"], ["83995.6", "0.04"], ["83996.14", "0"], ["83996.15", "0"], ["83996.44", "0.013"], ["83996.45", "0.013"], ["83996.52", "0.003"], ["83996.53", "0.073652"]], "u": 73497, "seq": 67539116512}, "cts": 1742544106117, "record_time": 1742544106.115284, "EXCHANGE": "BYBIT"}
{"topic": "orderbook.200.BTCUSDT", "ts": 1742544106319, "type": "delta", "data": {"s": "BTCUSDT", "b": [["83939.95", "0.019454"], ["83937.02", "0"], ["83936.96", "0.113199"], ["83936.74", "0"], ["83936.69", "0.118864"], ["83933.14", "0"], ["83933.08", "0.124437"], ["83932.58", "0.112726"], ["83932.18", "0"], ["83932.13", "0.055577"], ["83926.94", "0"], ["83926.89", "0.181484"], ["83926.52", "0"], ["83926.46", "0.168227"], ["83926.14", "0"], ["83926.08", "0.164326"], ["83925.18", "0"], ["83925.13", "0.061549"], ["83924.08", "0.003"], ["83922.78", "0"], ["83919.14", "0"], ["83919.08", "0.287741"], ["83918.18", "0"], ["83918.13", "0.121213"], ["83917.84", "0"], ["83917.79", "0.300861"], ["83904.44", "0.357515"], ["83902.61", "0"], ["83897.6", "0"], ["83897.09", "0"]], "a": [["83947.65", "0.02925"], ["83961.46", "0.124743"], ["83961.52", "0"], ["83961.89", "0.121535"], ["83961.94", "0"], ["83965.98", "0.115726"], ["83966.04", "0"], ["83967.13", "0.060791"], ["83967.18", "0"], ["83969.47", "0"], ["83969.5", "0.003"], ["83969.52", "0.02925"], ["83970.8", "0"], ["83971.69", "0.173179"], ["83971.74", "0"], ["83971.96", "0.17052"], ["83972.02", "0"], ["83972.98", "0.171881"], ["83973.04", "0"], ["83974.08", "0.001187"], ["83974.13", "0.058604"], ["83974.18", "0"], ["83974.2", "0"], ["83976.6", "0.001187"], ["83976.72", "0"], ["83978.96", "0.279706"], ["83979.02", "0"], ["83979.98", "0.284512"], ["83980.04", "0"], ["83980.79", "0.299779"], ["83980.84", "0"], ["83981.13", "0.113955"], ["83981.18", "0"]], "u": 73498, "seq": 67539116717}, "cts": 1742544106313, "record_time": 1742544106.317704, "EXCHANGE": "BYBIT"}
{"topic": "orderbook.200.BTCUSDT", "ts": 1742544106520, "type": "delta", "data": {"s": "BTCUSDT", "b": [["83939.74", "0.003"], ["83939.54", "0.003"], ["83937.58", "0.024255"], ["83937.46", "0"], ["83937.26", "0"], ["83897.8", "0"]], "a": [["83966.61", "0.023781"], ["83968.26", "0.178683"], ["83968.38", "0.178683"], ["83969.52", "0"], ["83974.08", "0"], ["83976.6", "0"]], "u": 73499, "seq": 67539116821}, "cts": 1742544106515, "record_time": 1742544106.515691, "EXCHANGE": "BYBIT"}
{"topic": "orderbook.200.BTCUSDT", "ts": 1742544106719, "type": "delta", "data": {"s": "BTCUSDT", "b": [["83947.64", "0.465463"], ["83926.16", "0"], ["83925.63", "0.026366"], ["83911.36", "0.0004"], ["83911.35", "0.000396"], ["83911.26", "0"], ["83911.25", "0"], ["83904.44", "0"], ["83903.31", "0.357517"]], "a": [["83969.51", "0.02925"], ["83988.21", "0.0004"], ["83988.22", "0.000362"], ["83988.31", "0"], ["83988.32", "0"], ["83996.53", "0"]], "u": 73500, "seq": 67539116930}, "cts": 1742544106715, "record_time": 1742544106.753298, "EXCHANGE": "BYBIT"}
{"topic": "orderbook.200.BTCUSDT", "ts": 1742544106919, "type": "delta", "data": {"s": "BTCUSDT", "b": [["83945.88", "0"], ["83911.36", "0"], ["83911.35", "0.000792"], ["83903.31", "0"], ["83902.61", "0.357521"], ["83899.54", "0.2"], ["83898.62", "9.1047"]], "a": [["83960.17", "0"], ["83961.85", "0"], ["83963.53", "0.001799"], ["83977.03", "0.071482"], ["83988.21", "0"], ["83988.22", "0"], ["83988.41", "0.0004"], ["83988.42", "0.000362"], ["83989.35", "0"], ["83995.59", "0"], ["83995.6", "0"], ["83995.68", "0.04"], ["83995.69", "0.04206"], ["83996.44", "0"], ["83996.45", "0"], ["83996.53", "0.073652"], ["83996.54", "0.013"], ["83996.55", "0.013"], ["83996.68", "0.002144"], ["83996.74", "0.292606"]], "u": 73501, "seq": 67539117023}, "cts": 1742544106912, "record_time": 1742544106.947531, "EXCHANGE": "BYBIT"}
{"topic": "orderbook.200.BTCUSDT", "ts": 1742544107119, "type": "delta", "data": {"s": "BTCUSDT", "b": [["83947.64", "0.895225"], ["83946.04", "0.000153"], ["83942.67", "0"], ["83939.94", "0"], ["83937.58", "0"], ["83937.12", "0"], ["83936.96", "0"], ["83936.69", "0"], ["83933.08", "0"], ["83932.13", "0"], ["83926.89", "0"], ["83926.46", "0"], ["83926.08", "0"], ["83925.13", "0"], ["83919.08", "0"], ["83918.13", "0"], ["83917.79", "0"], ["83911.72", "0"], ["83911.36", "0.0004"], ["83911.35", "0.000396"], ["83910.26", "0.357748"], ["83906.13", "0.11"], ["83902.61", "0"], ["83901.88", "0.05"], ["83901.87", "0.049554"], ["83901.78", "0"], ["83901.77", "0"], ["83901.23", "0"], ["83899.54", "0"], ["83897.8", "0.04"], ["83897.6", "0.04"], ["83897.09", "0.023825"], ["83896.42", "0.000256"], ["83896.39", "0.000333"], ["83896.17", "0.023825"], ["83896", "0.000118"], ["83895.89", "0.000256"], ["83895.04", "0.119249"], ["83894.95", "0.028201"], ["83894.68", "0.515638"], ["83894.5", "0.001333"], ["83894.29", "0.001466"], ["83892.74", "0.005956"], ["83892.19", "0.000333"], ["83891.98", "0.00009"]], "a": [["83954.05", "0"], ["83958.35", "0.071498"], ["83961.46", "0"], ["83961.89", "0"], ["83962.9", "0"], ["83963.16", "0"], ["83965.92", "0.011916"], ["83965.98", "0"], ["83966.19", "0"], ["83966.61", "0"], ["83967.13", "0"], ["83968.26", "0"], ["83968.38", "0"], ["83969.51", "0"], ["83970.97", "0.023832"], ["83971.69", "0"], ["83971.96", "0"], ["83972.15", "0"], ["83972.58", "0"], ["83972.98", "0"], ["83974.13", "0"], ["83974.64", "0"], ["83977.03", "0"], ["83977.45", "0.003534"], ["83978.96", "0"], ["83979.98", "0"], ["83980.79", "0"], ["83981.13", "0"], ["83985.59", "0"], ["83987.31", "0.071473"], ["83988.41", "0"], ["83988.42", "0"], ["83988.61", "0.0004"], ["83988.62", "0.000362"], ["83995.68", "0"], ["83995.69", "0.00206"], ["83995.88", "0.04"], ["83995.89", "0.04"], ["83996.54", "0"], ["83996.55", "0"], ["83996.74", "0.305606"], ["83996.75", "0.013"], ["83997.12", "0.000333"], ["83997.47", "0.000256"], ["83997.93", "0.025968"], ["83997.99", "0.000256"], ["83999.41", "1.787156"], ["83999.43", "0.001333"], ["83999.94", "0.015"], ["84000", "0.187181"], ["84000.48", "0.001466"], ["84001.06", "0.00009"], ["84001.1", "0.00006"], ["84001.32", "0.000333"], ["84002.09", "0.000256"], ["84002.21", "0.000834"], ["84002.61", "0.000256"], ["84002.73", "3.290366"], ["84003.63", "0.001333"], ["84004", "0.108"], ["84004.16", "0.11"], ["84004.31", "0.00036"]], "u": 73502, "seq": 67539117379}, "cts": 1742544107116, "record_time": 1742544107.115243, "EXCHANGE": "BYBIT"}
