{"asks": [["84120.4", "0.002971"], ["84120.5", "0.00321"], ["84120.9", "0.001333"], ["84121.6", "0.000333"], ["84123.1", "0.0003"], ["84123.7", "0.0016"], ["84124.2", "0.000518"], ["84124.7", "0.003211"], ["84125", "0.001466"], ["84125.1", "0.001333"], ["84125.4", "0.0025"], ["84125.8", "0.000333"], ["84126.5", "0.003445"], ["84126.9", "0.05"], ["84128.8", "0.015"], ["84128.9", "0.174729"], ["84129.3", "0.001333"], ["84129.7", "0.001466"], ["84130", "0.000333"], ["84131.3", "0.009"], ["84132.8", "0.005942"], ["84132.9", "0.000153"], ["84133.1", "0.003211"], ["84133.5", "0.001851"], ["84134.2", "0.000423"], ["84134.3", "0.001466"], ["84134.6", "0.014477"], ["84135.8", "0.04286"], ["84137.3", "0.003211"], ["84137.4", "0.000297"], ["84137.7", "0.001333"], ["84138.1", "0.000518"], ["84138.4", "0.000333"], ["84138.8", "0.003825"], ["84138.9", "0.007433"], ["84139.6", "0.000297"], ["84139.7", "0.159855"], ["84139.9", "0.059399"], ["84140.8", "0.04"], ["84140.9", "0.044"], ["84141.5", "0.003211"], ["84141.6", "0.171"], ["84141.9", "0.001333"], ["84142.2", "0.112995"], ["84142.5", "0.04"], ["84142.6", "0.000423"], ["84142.7", "0.000518"], ["84142.8", "0.048"], ["84143.5", "0.001466"], ["84144.1", "0.055031"], ["84144.2", "0.04"], ["84144.3", "0.048"], ["84145.3", "0.02146"], ["84145.8", "0.003212"], ["84145.9", "0.04"], ["84146", "0.063"], ["84146.1", "0.001333"], ["84146.5", "0.0045"], ["84146.8", "0.000333"], ["84147.2", "0.00214"], ["84147.3", "0.147075"], ["84147.4", "0.000518"], ["84147.5", "0.071831"], ["84147.7", "0.052"], ["84148.2", "0.001466"], ["84149.3", "0.009395"], ["84149.6", "0.005942"], ["84149.9", "0.118804"], ["84150", "0.004412"], ["84150.1", "0.182893"], ["84150.3", "0.001333"], ["84151", "0.000423"], ["84151.9", "0.019878"], ["84152", "0.059917"], ["84152.4", "0.0016"], ["84152.8", "0.001466"], ["84153", "0.019216"], ["84153.9", "0.004756"], ["84154.2", "0.003212"], ["84154.5", "0.001333"], ["84155.2", "0.000333"], ["84156.2", "0.023775"], ["84156.3", "0.096366"], ["84156.6", "0.000518"], ["84157.4", "0.001466"], ["84157.5", "0.118804"], ["84158.4", "0.003212"], ["84158.6", "0.171"], ["84158.7", "0.001333"], ["84158.9", "0.0006"], ["84159.1", "0.023775"], ["84159.4", "0.000513"], ["84159.9", "0.005943"], ["84160.5", "0.192286"], ["84161.2", "0.059399"], ["84161.3", "0.134339"], ["84162", "0.000118"], ["84162.1", "0.001466"], ["84162.2", "0.531713"], ["84162.4", "1.425816"]], "bids": [["84120.3", "0.481773"], ["84120", "0.00006"], ["84119.9", "0.003926"], ["84119.7", "0.057182"], ["84119.5", "0.171"], ["84119", "0.048"], ["84118.8", "0.04"], ["84117.4", "0.102309"], ["84116.2", "0.089099"], ["84115.8", "0.001466"], ["84115.7", "0.04"], ["84115.6", "0.023775"], ["84115.3", "0.0025"], ["84115.2", "0.005943"], ["84115.1", "0.04"], ["84115", "0.009578"], ["84114.9", "0.005942"], ["84114.6", "0.0006"], ["84114.4", "0.052"], ["84114.1", "0.0001"], ["84113.7", "0.04"], ["84113.6", "0.093634"], ["84113.2", "0.261152"], ["84113.1", "0.171"], ["84112.6", "0.006021"], ["84112.4", "0.001333"], ["84112.2", "0.067"], ["84112.1", "0.003221"], ["84112", "0.04"], ["84111.9", "0.015"], ["84111.7", "0.027229"], ["84111.2", "0.001466"], ["84111.1", "0.023777"], ["84110.9", "0.521137"], ["84110.4", "0.000518"], ["84110.2", "0.04"], ["84109", "0.000333"], ["84108.6", "0.226431"], ["84108.5", "0.05944"], ["84108.2", "0.001333"], ["84107.9", "0.0924"], ["84106.9", "0.178344"], ["84106.8", "0.05944"], ["84106.7", "0.118884"], ["84106.5", "0.007411"], ["84106.4", "0.023545"], ["84105.7", "0.000518"], ["84104.7", "0.151135"], ["84104.4", "0.023778"], ["84104.1", "0.118881"], ["84104", "0.001423"], ["84103.7", "0.17482"], ["84101.9", "0.001466"], ["84101.6", "0.059445"], ["84101.5", "0.118881"], ["84101.1", "0.000518"], ["84100.5", "0.000333"], ["84100.3", "0.156576"], ["84100.2", "0.043495"], ["84100", "0.00006"], ["84099.9", "0.178338"], ["84099.8", "0.185615"], ["84099.5", "0.009152"], ["84098.4", "0.059446"], ["84097.9", "0.023166"], ["84097.7", "0.083224"], ["84097.3", "0.001466"], ["84096.8", "0.004618"], ["84096.5", "0.082652"], ["84096.4", "0.089099"], ["84096.3", "0.000333"], ["84095.6", "0.001423"], ["84095.3", "0.007965"], ["84094.5", "0.059446"], ["84093.9", "0.118804"], ["84092.7", "0.001466"], ["84092.2", "0.167282"], ["84092.1", "0.119213"], ["84091.9", "0.000618"], ["84091.8", "0.171"], ["84091.6", "0.0006"], ["84091.4", "0.001333"], ["84091.1", "0.003209"], ["84090.6", "0.023778"], ["84090.2", "0.012879"], ["84090.1", "0.012879"], ["84089.5", "0.013983"], ["84088.6", "0.118804"], ["84088.5", "0.112998"], ["84088.2", "0.000111"], ["84088", "0.112147"], ["84087.9", "0.059732"], ["84087.2", "0.13755"], ["84086.9", "0.003208"], ["84086.5", "0.0045"], ["84085.8", "0.005946"], ["84085.4", "0.12643"], ["84084.1", "0.05944"], ["84083.7", "0.000333"], ["84083.6", "0.137063"]], "ts": 1742554938320, "timestamp": 1742554938.5130181}
{"asks": [["84102", "0.391585"], ["84102.2", "0.0522"], ["84104.7", "0.011896"], ["84104.8", "0.174"], ["84105.4", "0.006194"], ["84105.6", "0.028976"], ["84105.7", "0.071373"], ["84106.8", "0.005942"], ["84107", "0.0025"], ["84107.9", "0.003216"], ["84108.1", "0.011889"], ["84108.2", "0.001333"], ["84109", "0.000333"], ["84110.4", "0.015518"], ["84110.7", "0.026012"], ["84110.8", "0.059399"], ["84110.9", "0.065673"], ["84111.2", "0.001466"], ["84111.3", "0.178355"], ["84112.1", "0.003217"], ["84112.4", "0.001333"], ["84113.2", "0.000333"], ["84113.3", "0.04"], ["84114", "0.124302"], ["84114.1", "0.167842"], ["84114.7", "0.003787"], ["84115", "0.000518"], ["84115.1", "0.048"], ["84115.4", "0.044"], ["84115.5", "0.178347"], ["84115.7", "0.065867"], ["84115.8", "0.001466"], ["84116.3", "0.003221"], ["84116.5", "0.0012"], ["84116.6", "0.001333"], ["84116.9", "0.001"], ["84117", "0.04"], ["84117.4", "0.000423"], ["84118.3", "0.0401"], ["84118.7", "0.129712"], ["84118.8", "0.048"], ["84119.5", "0.07794"], ["84119.6", "0.003518"], ["84120", "0.04824"], ["84120.1", "0.1"], ["84120.4", "0.001466"], ["84120.5", "0.00321"], ["84120.9", "0.001333"], ["84121.4", "0.003576"], ["84121.6", "0.000333"], ["84123.6", "0.005942"], ["84123.7", "0.0018"], ["84124.1", "0.035677"], ["84124.2", "0.000518"], ["84124.7", "0.003211"], ["84124.8", "0.000297"], ["84125", "0.005118"], ["84125.1", "0.001333"], ["84125.8", "0.000423"], ["84126.3", "0.124831"], ["84126.7", "0.011888"], ["84127", "0.009488"], ["84127.8", "0.165749"], ["84127.9", "0.04237"], ["84128.4", "0.231762"], ["84128.5", "0.097002"], ["84128.7", "0.059399"], ["84128.9", "0.174729"], ["84129", "0.059443"], ["84129.3", "0.001333"], ["84129.7", "0.001466"], ["84130", "0.000333"], ["84131.1", "0.001079"], ["84131.2", "0.258539"], ["84131.3", "0.009"], ["84131.4", "0.059443"], ["84131.7", "0.011896"], ["84132.6", "0.004641"], ["84132.9", "0.531643"], ["84133.1", "0.003211"], ["84133.5", "0.001851"], ["84133.6", "0.118804"], ["84134.2", "0.000423"], ["84134.3", "0.001466"], ["84134.6", "0.0006"], ["84134.7", "0.150451"], ["84134.8", "0.496108"], ["84137.2", "0.005944"], ["84137.3", "0.003211"], ["84137.7", "0.001333"], ["84138", "0.063443"], ["84138.1", "0.000518"], ["84138.4", "0.000333"], ["84138.6", "0.153301"], ["84138.7", "0.118804"], ["84138.9", "0.001466"], ["84139.3", "0.023778"], ["84139.6", "0.013"], ["84139.7", "0.01289"], ["84139.9", "0.059399"]], "bids": [["84101.9", "0.190078"], ["84101.1", "0.000518"], ["84101", "0.000766"], ["84100.5", "0.000333"], ["84100", "0.00006"], ["84099.8", "0.001333"], ["84099.5", "0.003216"], ["84098.5", "0.005706"], ["84097.3", "0.001466"], ["84096.9", "0.0025"], ["84096.7", "0.0011"], ["84096.6", "0.059413"], ["84096.5", "0.001555"], ["84096.3", "0.000333"], ["84095.6", "0.001423"], ["84095.3", "0.003209"], ["84094.1", "0.018857"], ["84093.5", "0.015"], ["84093", "0.000199"], ["84092.9", "0.04"], ["84092.7", "0.001466"], ["84092.5", "0.171"], ["84092.3", "0.023238"], ["84092.1", "0.006278"], ["84092", "0.003"], ["84091.9", "0.000618"], ["84091.8", "0.05174"], ["84091.6", "0.0006"], ["84091.4", "0.001333"], ["84091.3", "0.052"], ["84091.1", "0.003209"], ["84090.2", "0.059601"], ["84090", "0.000118"], ["84089.9", "0.009387"], ["84089.5", "0.048"], ["84089.4", "0.00389"], ["84089.2", "0.001774"], ["84089.1", "0.005843"], ["84088.8", "0.000179"], ["84088.2", "0.000337"], ["84088", "0.001466"], ["84087.9", "0.059649"], ["84087.8", "0.04"], ["84087.7", "0.04"], ["84087.2", "0.001941"], ["84086.9", "0.003208"], ["84086.5", "0.0045"], ["84086.2", "0.04"], ["84086", "0.04"], ["84084.5", "0.044"], ["84083.7", "0.000333"], ["84083.4", "0.001466"], ["84083.2", "0.103836"], ["84083.1", "0.171083"], ["84083", "0.001333"], ["84082.7", "0.043182"], ["84082.6", "0.040516"], ["84081.7", "0.004615"], ["84080", "0.00006"], ["84079.5", "0.000333"], ["84078.8", "0.002889"], ["84078.5", "0.003182"], ["84078", "0.000516"], ["84076.3", "0.185318"], ["84076.2", "0.059399"], ["84076.1", "0.02024"], ["84075.8", "0.023873"], ["84075.7", "0.519412"], ["84075.3", "0.000333"], ["84075.2", "0.11293"], ["84074.6", "0.001333"], ["84074.5", "0.155603"], ["84074.4", "0.489227"], ["84074.3", "0.021525"], ["84074.2", "0.001466"], ["84073.4", "0.006458"], ["84071.3", "0.009"], ["84071.1", "0.000333"], ["84070.7", "0.00061"], ["84070.4", "0.001423"], ["84070.1", "0.003181"], ["84069.6", "0.171"], ["84069.5", "0.007411"], ["84068.7", "0.000516"], ["84068", "0.0016"], ["84067.7", "0.059399"], ["84066.9", "0.000333"], ["84066.6", "0.169422"], ["84066.5", "0.131804"], ["84066.4", "0.01288"], ["84066.2", "0.001333"], ["84065.9", "0.003181"], ["84064.9", "0.001466"], ["84064.5", "0.4"], ["84064.2", "0.001783"], ["84064.1", "0.000516"], ["84063.8", "0.011896"], ["84063.4", "0.003422"], ["84062.7", "1.077426"], ["84062.6", "3.264048"]], "ts": 1742555024719, "timestamp": 1742555024.922224}
{"asks": [["84078.8", "0.935959"], ["84078.9", "0.023787"], ["84079.1", "0.202195"], ["84079.2", "0.098441"], ["84082.3", "0.04"], ["84082.4", "0.044"], ["84083", "0.001333"], ["84083.4", "0.17987"], ["84083.7", "0.000333"], ["84083.8", "0.1735"], ["84083.9", "0.024307"], ["84084", "0.186008"], ["84085.7", "0.048"], ["84085.9", "0.04"], ["84086.4", "0.196604"], ["84086.5", "0.059399"], ["84086.8", "0.118804"], ["84086.9", "0.003234"], ["84087.2", "0.001851"], ["84087.3", "0.1726"], ["84087.4", "0.048"], ["84087.5", "0.04"], ["84087.6", "0.178404"], ["84087.9", "0.003433"], ["84088", "0.001466"], ["84088.4", "0.006915"], ["84089", "0.048"], ["84089.1", "0.052"], ["84089.4", "0.065701"], ["84089.6", "0.104145"], ["84090.1", "0.004107"], ["84090.5", "0.077594"], ["84091", "0.029734"], ["84091.1", "0.003234"], ["84091.3", "0.029732"], ["84091.4", "0.001333"], ["84091.9", "0.000518"], ["84092", "0.118804"], ["84092.1", "0.000333"], ["84092.2", "0.00009"], ["84092.7", "0.001466"], ["84092.9", "0.005942"], ["84093.2", "0.00596"], ["84093.8", "0.009139"], ["84093.9", "0.003576"], ["84094.7", "0.212233"], ["84094.8", "0.112793"], ["84095.3", "0.003236"], ["84095.6", "0.001333"], ["84096.3", "0.024117"], ["84096.5", "0.477965"], ["84096.7", "0.037579"], ["84097.3", "0.001466"], ["84097.5", "0.118804"], ["84099.5", "0.003236"], ["84099.8", "0.001333"], ["84100.5", "0.000333"], ["84100.6", "0.00009"], ["84101", "0.059399"], ["84101.1", "0.303178"], ["84101.2", "0.171"], ["84101.7", "0.089099"], ["84101.9", "0.001466"], ["84102.7", "0.004573"], ["84103", "0.059462"], ["84103.2", "0.059463"], ["84103.7", "0.003236"], ["84103.9", "0.529058"], ["84104", "0.001333"], ["84104.7", "0.000333"], ["84104.8", "0.156914"], ["84105.6", "0.0119"], ["84105.7", "0.000518"], ["84106.5", "0.001466"], ["84107.9", "0.003236"], ["84108.2", "0.001333"], ["84109", "0.000423"], ["84109.7", "0.005942"], ["84110", "0.120814"], ["84110.2", "0.118804"], ["84110.3", "0.059399"], ["84110.4", "0.000518"], ["84110.5", "0.17141"], ["84111.2", "0.049031"], ["84111.9", "0.023784"], ["84112.1", "0.003236"], ["84112.4", "0.001333"], ["84112.5", "0.06344"], ["84112.8", "0.005946"], ["84113.2", "0.000333"], ["84113.4", "2.257004"], ["84113.6", "0.01286"], ["84113.7", "0.01286"], ["84114.5", "0.04"], ["84114.6", "0.04"], ["84114.8", "0.119663"], ["84115", "0.000518"], ["84115.4", "0.023784"], ["84115.8", "0.163626"], ["84116.3", "0.003237"]], "bids": [["84078.7", "0.007384"], ["84078.5", "0.003182"], ["84078", "0.000516"], ["84076.4", "0.005942"], ["84075.3", "0.000333"], ["84074.6", "0.001333"], ["84074.3", "0.003181"], ["84074.2", "0.001466"], ["84073.7", "0.0025"], ["84073.4", "0.000516"], ["84071.3", "0.009"], ["84071.1", "0.000333"], ["84070.4", "0.001333"], ["84070.1", "0.003181"], ["84069.6", "0.171"], ["84069.5", "0.001466"], ["84068.9", "0.001757"], ["84068.7", "0.000516"], ["84066.9", "0.000333"], ["84066.2", "0.001333"], ["84065.9", "0.003181"], ["84064.9", "0.001466"], ["84064.1", "0.000516"], ["84063.8", "0.026788"], ["84063.7", "0.093828"], ["84063.1", "0.000531"], ["84062.9", "0.196138"], ["84062.7", "0.000333"], ["84062.2", "0.048"], ["84062.1", "0.08"], ["84062", "0.001423"], ["84061.8", "0.00009"], ["84061.7", "0.003181"], ["84061.1", "0.171"], ["84060.5", "0.0557"], ["84060.4", "0.278769"], ["84060.3", "0.001466"], ["84060.1", "0.0003"], ["84060", "0.00006"], ["84059.6", "0.005942"], ["84059.5", "0.000516"], ["84058.8", "0.056723"], ["84058.7", "0.044"], ["84058.5", "0.000333"], ["84057.8", "0.001333"], ["84057.7", "0.018972"], ["84057.5", "0.003181"], ["84057", "0.04"], ["84056.5", "0.0045"], ["84056.4", "0.004064"], ["84055.7", "0.001466"], ["84055.4", "0.04"], ["84055.3", "0.04"], ["84054.9", "0.000516"], ["84054.3", "0.000333"], ["84053.6", "0.001423"], ["84053.5", "0.009905"], ["84053.2", "0.003181"], ["84052.7", "0.051776"], ["84052.6", "0.171"], ["84051.2", "0.00012"], ["84051", "0.001466"], ["84050.2", "0.000516"], ["84050.1", "0.000333"], ["84050", "0.00086"], ["84049.4", "0.001333"], ["84049.1", "0.004759"], ["84049", "0.003181"], ["84047.4", "0.005943"], ["84046.4", "0.001466"], ["84046.1", "0.459256"], ["84046", "0.51683"], ["84045.9", "0.000333"], ["84045.6", "0.000516"], ["84045.2", "0.001423"], ["84045", "0.000594"], ["84044.8", "0.003181"], ["84044.7", "0.059399"], ["84044.2", "0.509666"], ["84044.1", "0.171"], ["84043.3", "0.112803"], ["84042.8", "0.005942"], ["84041.8", "0.001466"], ["84041.7", "0.000333"], ["84041.3", "0.013697"], ["84041", "0.001849"], ["84040.6", "0.003181"], ["84040.4", "0.024278"], ["84040", "0.00006"], ["84039.5", "0.003575"], ["84039.2", "0.003485"], ["84039.1", "0.013"], ["84039", "0.012882"], ["84038.8", "0.04"], ["84038.3", "0.0119"], ["84037.6", "0.021653"], ["84037.5", "0.000333"], ["84037.4", "0.000337"], ["84037.3", "0.184241"], ["84037.2", "0.041466"]], "ts": 1742555169720, "timestamp": 1742555169.851059}
{"asks": [["84061.7", "0.054962"], ["84062", "0.001333"], ["84062.1", "0.012222"], ["84062.7", "0.000333"], ["84063.5", "0.00119"], ["84064.1", "0.000516"], ["84064.9", "0.001466"], ["84065.2", "0.005942"], ["84065.9", "0.003213"], ["84066.2", "0.001534"], ["84066.7", "0.0025"], ["84066.9", "0.000333"], ["84067.6", "0.012503"], ["84068.7", "0.002483"], ["84069.5", "0.001466"], ["84069.6", "0.005"], ["84070", "0.00329"], ["84070.1", "0.013214"], ["84070.4", "0.001333"], ["84071.1", "0.000333"], ["84071.4", "0.000297"], ["84071.7", "0.000297"], ["84071.8", "0.025006"], ["84072.4", "0.145346"], ["84072.5", "0.067374"], ["84073.4", "0.000516"], ["84074.2", "0.001466"], ["84074.3", "0.003215"], ["84074.6", "0.001333"], ["84075", "0.04"], ["84075.1", "0.003762"], ["84075.2", "0.048"], ["84075.3", "0.000333"], ["84075.4", "0.17109"], ["84075.6", "0.071432"], ["84076.1", "0.0012"], ["84076.2", "0.03899"], ["84076.3", "0.005948"], ["84076.6", "0.04"], ["84077.1", "0.008842"], ["84077.3", "0.04"], ["84077.7", "0.112637"], ["84078", "0.000516"], ["84078.5", "0.003215"], ["84078.6", "0.023627"], ["84078.8", "0.002799"], ["84079.5", "0.000333"], ["84079.8", "0.256636"], ["84080", "0.00024"], ["84080.1", "0.052"], ["84081.1", "0.0012"], ["84082", "0.005942"], ["84082.5", "0.059399"], ["84082.6", "0.000516"], ["84082.7", "0.003225"], ["84083", "0.001333"], ["84083.1", "0.011202"], ["84083.4", "0.01915"], ["84083.7", "0.000333"], ["84083.8", "0.00009"], ["84083.9", "0.459606"], ["84084.8", "0.245102"], ["84085.6", "0.018458"], ["84086", "0.023792"], ["84086.5", "0.0045"], ["84086.7", "0.003447"], ["84086.9", "0.122038"], ["84087.2", "0.013745"], ["84087.3", "0.171"], ["84087.9", "0.003433"], ["84088", "0.001466"], ["84088.9", "0.011902"], ["84090.7", "0.217219"], ["84090.8", "0.540353"], ["84091.1", "0.003234"], ["84091.4", "0.001333"], ["84091.9", "0.059917"], ["84092", "0.118804"], ["84092.1", "0.000333"], ["84092.2", "0.00009"], ["84092.7", "0.001466"], ["84094.2", "0.019638"], ["84094.3", "0.023789"], ["84094.5", "0.0006"], ["84095", "0.023789"], ["84095.3", "0.003236"], ["84095.6", "0.001333"], ["84095.9", "0.005947"], ["84096", "0.000118"], ["84096.2", "0.004597"], ["84096.3", "0.000333"], ["84096.4", "0.0012"], ["84096.5", "0.000518"], ["84097.3", "0.001466"], ["84097.4", "0.082549"], ["84097.5", "0.118804"], ["84097.8", "0.003575"], ["84098.5", "0.023789"], ["84098.7", "0.0006"], ["84098.8", "0.005942"]], "bids": [["84061.6", "0.348431"], ["84061.2", "0.097553"], ["84061.1", "0.172389"], ["84060.4", "0.089099"], ["84060", "0.00006"], ["84059.4", "0.000319"], ["84056.6", "0.0025"], ["84055.7", "0.005362"], ["84055.2", "0.0039"], ["84054.9", "0.055211"], ["84054.8", "0.171"], ["84054.7", "0.011317"], ["84054.3", "0.000333"], ["84053.6", "0.001333"], ["84053.2", "0.018213"], ["84052.8", "0.071301"], ["84052.5", "0.001753"], ["84052.2", "0.005998"], ["84051.6", "0.023718"], ["84051.2", "0.048"], ["84051", "0.041466"], ["84050.9", "0.089099"], ["84050.5", "0.022636"], ["84050.3", "0.072655"], ["84050.2", "0.000516"], ["84050.1", "0.000333"], ["84050", "0.00086"], ["84049.5", "0.056"], ["84049.4", "0.041569"], ["84049", "0.003181"], ["84048.7", "0.005942"], ["84047.7", "0.08"], ["84047.4", "0.005943"], ["84047.2", "0.052512"], ["84046.4", "0.001466"], ["84046.1", "0.124062"], ["84046", "0.084"], ["84045.9", "0.000333"], ["84045.6", "0.000516"], ["84045.3", "0.003"], ["84045.2", "0.011059"], ["84045", "0.000594"], ["84044.8", "0.003181"], ["84044.7", "0.005959"], ["84044.4", "0.04"], ["84044.3", "0.04"], ["84044.1", "0.171"], ["84041.8", "0.001466"], ["84041.7", "0.000333"], ["84041.3", "0.009"], ["84041", "0.001849"], ["84040.6", "0.003181"], ["84040", "0.00006"], ["84039.8", "0.286414"], ["84038.1", "0.059399"], ["84037.9", "0.528097"], ["84037.8", "0.003576"], ["84037.7", "0.122482"], ["84037.6", "0.021653"], ["84037.5", "0.000333"], ["84037.4", "0.000337"], ["84037.3", "0.035695"], ["84037.2", "0.001466"], ["84036.8", "0.001423"], ["84036.4", "0.003697"], ["84035.6", "0.171629"], ["84034.8", "0.112631"], ["84034.3", "0.089099"], ["84033.4", "0.141623"], ["84033.3", "0.397453"], ["84032.6", "0.001333"], ["84032.5", "0.001466"], ["84032.2", "0.003181"], ["84031.9", "0.485906"], ["84031.8", "0.000516"], ["84030.2", "0.004768"], ["84029.1", "0.000333"], ["84028.6", "0.118217"], ["84028.4", "0.001423"], ["84028", "0.003181"], ["84027.9", "0.001466"], ["84027.6", "0.118804"], ["84027.3", "0.059399"], ["84027.1", "0.171516"], ["84026.5", "0.0061"], ["84025.9", "0.0264"], ["84025", "0.000199"], ["84024.9", "0.000333"], ["84024.8", "0.0001"], ["84024.3", "0.048729"], ["84024.2", "0.001333"], ["84023.8", "0.003181"], ["84023.6", "0.013"], ["84023.5", "0.012881"], ["84023.3", "0.001466"], ["84022.7", "0.017619"], ["84022.5", "0.000516"], ["84021.6", "0.118804"], ["84020.7", "0.000333"], ["84020.6", "0.000119"]], "ts": 1742555345919, "timestamp": 1742555346.015123}
{"asks": [["83965.6", "0.746175"], ["83965.8", "0.106766"], ["83965.9", "0.035727"], ["83966.1", "0.035727"], ["83966.3", "0.003576"], ["83968", "0.008438"], ["83970.1", "0.083385"], ["83970.3", "0.000333"], ["83970.6", "0.073187"], ["83971.1", "0.028288"], ["83971.7", "0.000514"], ["83972", "0.012469"], ["83972.5", "0.001466"], ["83973", "0.071485"], ["83973.2", "0.003814"], ["83973.4", "0.003239"], ["83973.8", "0.001333"], ["83974", "0.01"], ["83974.1", "0.0002"], ["83974.3", "0.016877"], ["83974.5", "0.000333"], ["83974.6", "0.00009"], ["83975", "0.0001"], ["83975.6", "0.198134"], ["83975.7", "0.111958"], ["83976.2", "0.024937"], ["83976.3", "0.000514"], ["83976.4", "0.02"], ["83977", "0.008"], ["83977.1", "0.090565"], ["83977.3", "0.066797"], ["83977.4", "0.02"], ["83977.6", "0.003242"], ["83977.9", "0.059399"], ["83978", "0.001333"], ["83978.1", "0.191"], ["83978.7", "0.000333"], ["83978.8", "0.020595"], ["83979.1", "0.04"], ["83979.2", "0.272769"], ["83979.3", "0.048"], ["83979.6", "0.02"], ["83979.8", "0.024411"], ["83980.1", "0.02357"], ["83980.8", "0.04"], ["83980.9", "0.000514"], ["83981", "0.048"], ["83981.4", "0.02"], ["83981.7", "0.001466"], ["83981.8", "0.003242"], ["83982", "0.04"], ["83982.2", "0.002332"], ["83982.3", "0.02"], ["83982.7", "0.5648"], ["83982.9", "0.000333"], ["83983", "0.02009"], ["83983.4", "0.011917"], ["83983.7", "0.325684"], ["83984.4", "0.048"], ["83984.6", "0.018376"], ["83985.6", "0.000514"], ["83986", "0.051242"], ["83986.1", "0.052"], ["83986.3", "0.001466"], ["83986.4", "0.001333"], ["83986.8", "0.477262"], ["83987", "0.182646"], ["83987.1", "0.000333"], ["83987.5", "0.103286"], ["83987.8", "0.000995"], ["83987.9", "0.0001"], ["83989.4", "0.059535"], ["83990.2", "0.003757"], ["83990.3", "0.059535"], ["83990.4", "0.035737"], ["83990.6", "0.060732"], ["83990.8", "0.023814"], ["83991", "0.001466"], ["83991.3", "0.000333"], ["83991.4", "0.026032"], ["83991.5", "0.04248"], ["83991.6", "0.029772"], ["83992.5", "0.023819"], ["83992.9", "0.029767"], ["83993.1", "0.0002"], ["83993.3", "0.094406"], ["83993.4", "0.079535"], ["83993.8", "0.059535"], ["83994", "0.078954"], ["83994.4", "0.003247"], ["83994.8", "0.025668"], ["83995.3", "0.023819"], ["83995.5", "0.000333"], ["83995.6", "0.12027"], ["83995.7", "0.049767"], ["83995.8", "0.163321"], ["83996", "0.089099"], ["83996.5", "0.0045"], ["83996.8", "0.071438"], ["83997.1", "0.176954"]], "bids": [["83965.5", "0.006363"], ["83965.4", "0.001333"], ["83965", "0.003181"], ["83964.2", "0.012512"], ["83963.2", "0.001466"], ["83962.5", "0.000516"], ["83961.9", "0.000333"], ["83961.5", "0.002201"], ["83961.2", "0.001333"], ["83960.8", "0.003601"], ["83960.5", "0.000768"], ["83960", "0.00006"], ["83959.7", "0.000359"], ["83959.2", "0.015786"], ["83959.1", "0.011375"], ["83958.6", "0.001466"], ["83958.2", "0.027908"], ["83958.1", "0.005942"], ["83957.8", "0.066131"], ["83957.7", "0.000333"], ["83957.1", "0.01"], ["83957", "0.001537"], ["83956.8", "0.008438"], ["83956.6", "0.003181"], ["83956.3", "0.000127"], ["83955.2", "0.0063"], ["83955", "0.053237"], ["83954.9", "0.022751"], ["83954", "0.001466"], ["83953.8", "0.222375"], ["83953.7", "0.171"], ["83953.6", "0.004063"], ["83953.5", "0.000333"], ["83953.4", "0.04"], ["83953.3", "0.04"], ["83953.2", "0.000516"], ["83952.8", "0.001423"], ["83952.6", "0.018186"], ["83952.4", "0.003181"], ["83952", "0.000272"], ["83951.7", "0.048"], ["83951.6", "0.111504"], ["83951.3", "0.009"], ["83950.5", "0.016877"], ["83950.1", "0.04"], ["83949.9", "0.04"], ["83949.5", "0.061348"], ["83949.4", "0.001466"], ["83949.3", "0.000333"], ["83949.2", "0.023453"], ["83948.6", "0.001849"], ["83948.5", "0.009912"], ["83948.4", "0.044"], ["83948.2", "0.043181"], ["83946.7", "0.04"], ["83946.6", "0.04"], ["83946.2", "0.006177"], ["83945.3", "0.055493"], ["83945.2", "0.171"], ["83945.1", "0.000333"], ["83944.8", "0.001466"], ["83944.4", "0.001423"], ["83944", "0.003697"], ["83941.9", "0.001116"], ["83941.3", "0.005942"], ["83940.9", "0.000333"], ["83940.2", "0.002799"], ["83940", "0.00006"], ["83939.8", "0.003181"], ["83939.7", "0.087482"], ["83939.4", "0.000516"], ["83939", "0.000118"], ["83937.6", "0.000359"], ["83937", "0.124747"], ["83936.8", "0.155491"], ["83936.7", "0.171333"], ["83936.5", "0.0045"], ["83936", "0.001423"], ["83935.8", "0.000337"], ["83935.7", "0.003181"], ["83935.5", "0.001556"], ["83935.1", "0.02552"], ["83934.8", "0.000516"], ["83934.2", "0.111966"], ["83932.8", "0.17559"], ["83932.6", "0.48675"], ["83932.5", "0.006179"], ["83931.8", "0.001333"], ["83931.5", "0.003181"], ["83930.9", "0.001466"], ["83930.1", "0.022891"], ["83929.6", "0.003781"], ["83929", "0.003575"], ["83928.6", "0.115917"], ["83928.4", "0.024617"], ["83928.3", "0.000333"], ["83928.2", "0.171"], ["83927.8", "0.00477"], ["83927.6", "0.120227"], ["83927.4", "0.059399"]], "ts": 1742556561320, "timestamp": 1742556561.4268842}
{"asks": [["84168", "0.375074"], ["84168.9", "0.071319"], ["84173", "0.0002"], ["84174.7", "0.011842"], ["84175.1", "0.000518"], ["84175.2", "0.003268"], ["84175.5", "0.001333"], ["84175.9", "0.001466"], ["84176", "0.071313"], ["84176.3", "0.000333"], ["84176.4", "0.113205"], ["84176.5", "0.171"], ["84176.9", "0.011879"], ["84178.1", "0.071311"], ["84178.9", "0.023683"], ["84179.4", "0.003268"], ["84179.8", "0.001851"], ["84180", "0.00024"], ["84180.5", "0.000333"], ["84180.6", "0.001466"], ["84183.4", "0.04334"], ["84183.5", "0.058923"], ["84183.6", "0.003269"], ["84184", "0.001333"], ["84184.2", "0.04"], ["84184.4", "0.000518"], ["84184.5", "0.04"], ["84184.6", "0.00009"], ["84184.7", "0.000333"], ["84184.8", "0.003431"], ["84185.2", "0.001466"], ["84185.6", "0.035652"], ["84185.9", "0.04"], ["84186", "0.099106"], ["84186.1", "0.08"], ["84187.5", "0.04"], ["84187.8", "0.003269"], ["84188.1", "0.030066"], ["84188.2", "0.001333"], ["84188.3", "0.171"], ["84188.9", "0.004166"], ["84189", "0.119311"], ["84189.1", "0.120161"], ["84189.2", "0.04"], ["84189.3", "0.04"], ["84189.4", "0.005942"], ["84189.5", "0.04"], ["84189.6", "0.178106"], ["84189.8", "0.001466"], ["84190.9", "0.0006"], ["84191.2", "0.04"], ["84191.8", "0.01933"], ["84192", "0.003269"], ["84192.4", "0.001333"], ["84192.5", "0.030066"], ["84193", "0.00009"], ["84193.1", "0.000333"], ["84193.7", "0.002585"], ["84194.1", "0.009187"], ["84194.4", "0.04453"], ["84194.5", "0.001466"], ["84195.1", "0.27292"], ["84195.5", "0.050124"], ["84196.3", "0.003269"], ["84196.6", "0.001333"], ["84196.7", "0.118793"], ["84196.8", "0.478027"], ["84197.1", "0.005939"], ["84197.3", "0.000333"], ["84197.4", "0.201066"], ["84197.8", "0.042222"], ["84197.9", "0.059399"], ["84198.1", "0.05939"], ["84198.3", "0.000518"], ["84199.1", "0.001466"], ["84199.2", "0.00099"], ["84199.9", "0.0018"], ["84200", "0.00024"], ["84200.5", "0.003293"], ["84200.8", "0.001333"], ["84201.4", "0.011977"], ["84201.5", "0.000333"], ["84201.7", "0.004687"], ["84201.8", "0.099641"], ["84202", "0.005942"], ["84202.3", "0.05939"], ["84202.5", "0.000734"], ["84202.9", "0.000518"], ["84203.7", "0.001466"], ["84204.1", "0.118793"], ["84204.4", "0.05939"], ["84204.7", "0.003293"], ["84205", "0.001333"], ["84205.7", "0.000333"], ["84205.8", "0.003564"], ["84206.5", "0.0045"], ["84207.3", "0.012973"], ["84207.4", "0.013269"], ["84207.6", "0.000518"], ["84207.7", "0.171"]], "bids": [["84167.9", "0.796941"], ["84167.8", "0.000333"], ["84167.1", "0.001333"], ["84166.9", "0.0003"], ["84166.8", "0.003268"], ["84166.7", "0.001466"], ["84165.9", "0.000518"], ["84163.8", "0.003936"], ["84163.6", "0.000333"], ["84162.9", "0.001333"], ["84162.6", "0.003268"], ["84162.5", "0.071324"], ["84162.2", "0.182144"], ["84162.1", "0.171"], ["84162", "0.001466"], ["84161.3", "0.009518"], ["84161.2", "0.011919"], ["84160.6", "0.049931"], ["84160.4", "0.048"], ["84160.3", "0.001773"], ["84160.1", "0.071326"], ["84160", "0.00006"], ["84159.7", "0.01887"], ["84159.5", "0.04701"], ["84159.4", "0.000333"], ["84159", "0.137172"], ["84158.9", "0.064"], ["84158.7", "0.045333"], ["84158.6", "0.000358"], ["84158.4", "0.003268"], ["84157.4", "0.061352"], ["84157", "0.12384"], ["84156.9", "0.0073"], ["84156.6", "0.000518"], ["84155.7", "0.019942"], ["84155.4", "0.06"], ["84155.3", "0.048"], ["84155.2", "0.000333"], ["84154.5", "0.001333"], ["84154.4", "0.00009"], ["84154.3", "0.124581"], ["84154.2", "0.003259"], ["84153.9", "0.052"], ["84153.6", "0.056"], ["84153.1", "0.000297"], ["84152.9", "0.059399"], ["84152.8", "0.172466"], ["84152", "0.000518"], ["84151", "0.000333"], ["84150.4", "0.178252"], ["84150.3", "0.001333"], ["84150.1", "0.777045"], ["84150", "2.379967"], ["84149.8", "0.005942"], ["84148.8", "0.002442"], ["84148.2", "0.001466"], ["84148.1", "0.0002"], ["84147.4", "0.000518"], ["84147", "0.020211"], ["84146.9", "0.0002"], ["84146.8", "0.000333"], ["84146.5", "0.0045"], ["84146.1", "0.001333"], ["84146", "0.00018"], ["84145.7", "0.003259"], ["84145.2", "0.089099"], ["84144.1", "0.003576"], ["84143.5", "0.001566"], ["84142.7", "0.000518"], ["84142.6", "0.000333"], ["84142.5", "0.004583"], ["84142", "0.404068"], ["84141.9", "0.001333"], ["84141.8", "0.171"], ["84141.5", "0.003259"], ["84140.5", "0.4"], ["84140", "0.00006"], ["84139.3", "0.178215"], ["84139", "0.000332"], ["84138.9", "0.001466"], ["84138.7", "0.118793"], ["84138.6", "0.557231"], ["84138.5", "0.029037"], ["84138.4", "0.000333"], ["84138.1", "0.000518"], ["84137.7", "0.001333"], ["84137.6", "0.00009"], ["84137.3", "0.003259"], ["84136.9", "0.024035"], ["84136.5", "0.000358"], ["84136", "0.000083"], ["84135.3", "0.035651"], ["84134.3", "0.001466"], ["84134.2", "0.000333"], ["84134", "0.011887"], ["84133.6", "0.205266"], ["84133.5", "0.001851"], ["84133.3", "0.171"], ["84133.1", "0.003259"], ["84132.9", "0.059399"]], "ts": 1742560333720, "timestamp": 1742560333.8131268}
{"asks": [["83909.4", "0.054731"], ["83909.8", "0.035752"], ["83910", "0.071504"], ["83910.5", "0.039034"], ["83910.8", "0.001333"], ["83911.3", "0.071538"], ["83911.5", "0.000333"], ["83911.7", "0.000512"], ["83911.8", "0.00426"], ["83912.5", "0.001466"], ["83914.6", "0.10692"], ["83914.7", "0.003283"], ["83915", "0.001333"], ["83915.6", "0.012206"], ["83915.7", "0.000333"], ["83916.3", "0.000512"], ["83917.1", "0.001466"], ["83917.4", "0.015"], ["83918.9", "0.039459"], ["83919", "0.029533"], ["83919.2", "0.072864"], ["83919.8", "0.024412"], ["83919.9", "0.000533"], ["83920", "0.00024"], ["83920.9", "0.000512"], ["83921.4", "0.030689"], ["83921.7", "0.001466"], ["83922.9", "0.000298"], ["83923.1", "0.003286"], ["83923.4", "0.001333"], ["83923.5", "0.03576"], ["83923.7", "0.071527"], ["83924", "0.000298"], ["83924.1", "0.000333"], ["83924.2", "0.00009"], ["83924.8", "0.076948"], ["83924.9", "0.059399"], ["83925.1", "0.00018"], ["83925.5", "0.000512"], ["83925.6", "0.171"], ["83926.3", "0.001466"], ["83927.2", "0.003286"], ["83927.6", "0.001333"], ["83928.1", "0.018984"], ["83928.3", "0.000333"], ["83929", "0.036512"], ["83929.7", "0.004161"], ["83930.1", "0.0103"], ["83930.2", "0.00112"], ["83930.9", "0.001466"], ["83931.2", "0.04"], ["83931.4", "0.003287"], ["83931.8", "0.001333"], ["83932.5", "0.000333"], ["83932.6", "0.04009"], ["83933", "0.068395"], ["83933.1", "0.270515"], ["83933.3", "0.11355"], ["83933.4", "0.059399"], ["83933.6", "0.011924"], ["83934.7", "0.000512"], ["83935.1", "0.04"], ["83935.5", "0.001466"], ["83935.6", "0.003288"], ["83936", "0.001333"], ["83936.2", "0.023835"], ["83936.3", "0.04596"], ["83936.4", "0.04"], ["83936.5", "0.0045"], ["83936.6", "0.562218"], ["83936.7", "0.000333"], ["83936.8", "0.04"], ["83937.7", "0.04"], ["83937.9", "0.04"], ["83938.1", "0.123719"], ["83938.2", "0.119177"], ["83938.4", "0.04"], ["83938.5", "0.174455"], ["83939.2", "0.023834"], ["83939.4", "0.000512"], ["83939.7", "0.023835"], ["83939.8", "0.043288"], ["83940", "0.00024"], ["83940.1", "0.001466"], ["83940.2", "0.001333"], ["83940.9", "0.000333"], ["83941", "0.00009"], ["83941.1", "0.023835"], ["83941.4", "0.008233"], ["83941.9", "0.173072"], ["83942.1", "0.02376"], ["83944", "0.003802"], ["83944.4", "0.530962"], ["83944.6", "0.023834"], ["83944.8", "0.001466"], ["83945", "0.005958"], ["83945.1", "0.000333"], ["83945.5", "0.059399"], ["83945.6", "0.119143"], ["83945.7", "0.156763"]], "bids": [["83909.3", "0.849512"], ["83909.1", "0.123817"], ["83908.9", "0.222326"], ["83906.5", "0.1"], ["83906.3", "0.00008"], ["83906.2", "0.221"], ["83904.8", "0.003851"], ["83903.2", "0.001466"], ["83903.1", "0.000333"], ["83903", "0.089099"], ["83902.8", "0.0031"], ["83902.4", "0.001845"], ["83902.1", "0.014916"], ["83900.9", "0.01"], ["83900.8", "0.307617"], ["83900.7", "0.122138"], ["83900.6", "0.029247"], ["83900.5", "0.005"], ["83900.4", "0.019889"], ["83900", "0.550456"], ["83899.5", "0.056117"], ["83898.9", "0.000333"], ["83898.6", "0.001466"], ["83898.2", "0.001333"], ["83897.9", "0.026531"], ["83897.8", "0.000518"], ["83897.6", "0.0002"], ["83897.3", "0.140268"], ["83897", "0.04"], ["83896.8", "0.044"], ["83896.4", "0.005769"], ["83895.8", "0.171"], ["83895.4", "0.056"], ["83895.1", "0.04"], ["83894.7", "0.000333"], ["83894.6", "0.12007"], ["83894.1", "0.024"], ["83894", "0.002889"], ["83893.7", "0.003259"], ["83893.6", "0.188572"], ["83893.4", "0.044358"], ["83893.2", "0.000518"], ["83892.6", "0.525501"], ["83891.7", "0.044"], ["83891.3", "0.009"], ["83890.9", "0.00625"], ["83890.8", "0.048"], ["83890.5", "0.000333"], ["83890.4", "0.044"], ["83890.2", "0.00253"], ["83890.1", "0.048"], ["83890", "0.0002"], ["83889.8", "0.001333"], ["83889.5", "0.003259"], ["83889.4", "0.001466"], ["83889.3", "0.254582"], ["83889.2", "0.119143"], ["83889", "0.100314"], ["83888.9", "0.052"], ["83888.8", "0.000445"], ["83888.7", "0.003614"], ["83888.6", "0.000518"], ["83888.5", "0.089099"], ["83888.3", "0.004037"], ["83887.4", "0.171"], ["83886.6", "0.021653"], ["83886.3", "0.000333"], ["83886.1", "0.709671"], ["83886", "0.568474"], ["83885.8", "0.023782"], ["83885.6", "0.001423"], ["83885.3", "0.003259"], ["83885", "1.500332"], ["83884.8", "0.001466"], ["83884", "0.000518"], ["83883.5", "0.000657"], ["83883.2", "0.121606"], ["83882.2", "0.000333"], ["83881.8", "0.005871"], ["83881.4", "0.001333"], ["83881.1", "0.003259"], ["83880.4", "0.059399"], ["83880.3", "0.139111"], ["83880.2", "0.119143"], ["83880.1", "0.001466"], ["83880", "0.057502"], ["83879.4", "0.000518"], ["83879", "0.171"], ["83878.6", "0.113502"], ["83878.3", "0.000572"], ["83878", "0.000333"], ["83877.2", "0.001423"], ["83876.9", "0.003259"], ["83876.8", "0.079084"], ["83876.5", "0.0045"], ["83875.5", "0.001466"], ["83875", "0.000436"], ["83874.9", "0.001071"], ["83874.8", "0.119143"], ["83874.7", "0.000518"]], "ts": 1742560772119, "timestamp": 1742560772.352791}
{"asks": [["83714.3", "0.595197"], ["83714.6", "0.063904"], ["83714.7", "0.00717"], ["83716.3", "0.171"], ["83717.3", "0.000078"], ["83718.1", "0.123"], ["83718.7", "0.252781"], ["83718.8", "0.062986"], ["83718.9", "0.05"], ["83719.2", "0.17917"], ["83719.6", "0.023889"], ["83719.7", "0.03"], ["83719.9", "0.012"], ["83720", "0.11969"], ["83720.6", "0.059725"], ["83721.4", "0.179177"], ["83721.6", "0.00717"], ["83721.9", "0.003149"], ["83722.2", "0.093128"], ["83722.3", "0.03"], ["83722.5", "0.02"], ["83722.6", "0.054133"], ["83722.7", "0.005"], ["83722.8", "0.119451"], ["83722.9", "0.000333"], ["83723.2", "0.119716"], ["83723.4", "0.001466"], ["83723.6", "0.050401"], ["83723.9", "0.007169"], ["83724.4", "0.0002"], ["83724.7", "0.005"], ["83725.1", "0.003888"], ["83726.1", "0.021554"], ["83726.2", "0.226972"], ["83726.4", "0.001333"], ["83727", "0.113517"], ["83727.1", "0.000333"], ["83727.2", "0.059725"], ["83727.3", "0.000508"], ["83727.4", "0.065007"], ["83727.8", "0.089099"], ["83728", "0.001466"], ["83728.7", "0.001"], ["83729.3", "0.059399"], ["83729.6", "0.04"], ["83730.2", "0.003165"], ["83730.3", "0.00903"], ["83730.6", "0.001333"], ["83731", "0.00009"], ["83731.3", "0.000333"], ["83731.5", "0.303009"], ["83731.9", "0.000508"], ["83732.6", "0.001466"], ["83732.9", "0.04"], ["83733.1", "0.044"], ["83733.6", "0.470034"], ["83733.7", "0.021411"], ["83733.9", "0.04"], ["83734.2", "0.04"], ["83734.4", "0.003165"], ["83734.8", "0.001333"], ["83735", "0.04"], ["83735.5", "0.000333"], ["83735.7", "0.04"], ["83736.5", "0.040508"], ["83737.3", "0.001466"], ["83737.7", "0.153838"], ["83737.8", "0.099698"], ["83737.9", "0.221"], ["83738.2", "0.04"], ["83738.4", "0.089099"], ["83738.6", "0.003167"], ["83739", "0.001333"], ["83739.4", "0.00009"], ["83739.7", "0.000333"], ["83740", "0.00024"], ["83741.1", "0.000508"], ["83741.6", "0.001682"], ["83741.9", "0.001466"], ["83742.3", "0.05971"], ["83742.5", "0.004674"], ["83742.8", "0.003172"], ["83743.1", "0.001333"], ["83743.3", "0.17913"], ["83743.5", "0.0006"], ["83743.8", "0.11942"], ["83743.9", "0.000333"], ["83744.7", "0.131355"], ["83744.8", "0.11942"], ["83745.3", "0.04469"], ["83745.7", "0.000508"], ["83746", "0.0006"], ["83746.5", "0.060865"], ["83746.6", "0.171"], ["83746.7", "0.03584"], ["83747", "0.003172"], ["83747.3", "0.001333"], ["83747.8", "0.00009"], ["83748", "0.000333"], ["83749.6", "0.011951"]], "bids": [["83714.2", "0.034591"], ["83713.8", "0.001333"], ["83713.5", "0.003196"], ["83713.4", "0.000508"], ["83712.8", "0.000083"], ["83711.3", "0.009"], ["83710.4", "0.000333"], ["83709.7", "0.001133"], ["83709.6", "0.00221"], ["83709.3", "0.003524"], ["83708.8", "0.000864"], ["83708", "0.001969"], ["83707.9", "0.000231"], ["83707.7", "0.005768"], ["83707.1", "0.00015"], ["83706.3", "0.00006"], ["83706.2", "0.000456"], ["83705.9", "0.098093"], ["83705.8", "0.181"], ["83705.5", "0.001333"], ["83705.1", "0.003259"], ["83705", "0.001466"], ["83704.9", "0.00065"], ["83704.6", "0.04"], ["83704.4", "0.111715"], ["83704.2", "0.000518"], ["83703.6", "0.000125"], ["83703.2", "0.023096"], ["83703", "0.000218"], ["83702.9", "0.052"], ["83702.7", "0.04"], ["83702.2", "0.000051"], ["83702", "0.000333"], ["83701.3", "0.001333"], ["83701.1", "0.054875"], ["83701", "0.000313"], ["83700.9", "0.047259"], ["83700.8", "0.00009"], ["83700.6", "0.251952"], ["83700.5", "0.001979"], ["83700.4", "0.001525"], ["83700.3", "0.000119"], ["83700.2", "0.000306"], ["83700", "0.612068"], ["83699.7", "0.000171"], ["83699.6", "0.000518"], ["83699.4", "0.044"], ["83698.4", "0.00306"], ["83698.2", "0.0002"], ["83698", "0.000467"], ["83697.9", "0.101"], ["83697.8", "0.000333"], ["83697.7", "0.048"], ["83697.6", "0.0071"], ["83697.1", "0.001333"], ["83697", "0.149276"], ["83696.9", "0.048"], ["83696.8", "0.07498"], ["83696.6", "0.001548"], ["83696.5", "0.0045"], ["83696.3", "0.001259"], ["83696", "0.171"], ["83695.8", "0.001466"], ["83695.6", "0.004318"], ["83695.5", "0.001116"], ["83695.4", "0.000359"], ["83695", "0.119817"], ["83694.5", "0.000358"], ["83693.6", "0.000333"], ["83693.5", "0.018932"], ["83692.9", "0.001517"], ["83692.6", "0.074984"], ["83692.4", "0.061355"], ["83692.3", "0.000495"], ["83692.2", "0.000825"], ["83692", "0.000268"], ["83691.8", "0.000241"], ["83691.6", "0.00022"], ["83691.5", "0.000539"], ["83691.2", "0.001638"], ["83690.7", "0.006531"], ["83690.5", "0.009729"], ["83690.4", "0.000518"], ["83690", "0.000695"], ["83689.9", "0.059399"], ["83689.8", "0.119299"], ["83689.5", "0.000385"], ["83689.4", "0.000333"], ["83689", "0.000236"], ["83688.9", "0.00013"], ["83688.8", "0.000133"], ["83688.7", "0.001333"], ["83688.4", "0.003259"], ["83688.2", "0.000315"], ["83688.1", "0.021344"], ["83688", "0.001194"], ["83687.7", "0.205699"], ["83687.6", "0.171"], ["83687.4", "0.012263"], ["83687.2", "0.000383"]], "ts": 1742561030519, "timestamp": 1742561030.685693}
{"asks": [["83810.2", "0.289354"], ["83810.9", "0.000333"], ["83811", "0.001466"], ["83811.5", "0.001381"], ["83812.5", "0.0006"], ["83813.7", "0.001601"], ["83813.9", "0.006173"], ["83814", "0.003227"], ["83814.4", "0.001333"], ["83814.5", "0.054003"], ["83814.6", "0.181966"], ["83814.8", "0.00051"], ["83815.1", "0.000333"], ["83815.2", "0.0002"], ["83815.3", "0.026914"], ["83815.6", "0.001466"], ["83816.3", "0.370175"], ["83816.4", "0.178963"], ["83816.5", "0.0045"], ["83816.7", "0.000358"], ["83816.8", "0.012347"], ["83817", "0.001"], ["83817.3", "0.023944"], ["83817.5", "0.0006"], ["83817.6", "0.0006"], ["83818", "0.178959"], ["83818.2", "0.003227"], ["83818.3", "0.006126"], ["83818.4", "0.000298"], ["83818.5", "0.054958"], ["83818.6", "0.015"], ["83818.7", "0.178976"], ["83819", "0.0006"], ["83819.3", "0.000333"], ["83819.4", "0.175463"], ["83820.2", "0.001466"], ["83821", "0.024693"], ["83821.8", "0.089474"], ["83821.9", "0.119299"], ["83822.2", "0.190916"], ["83822.4", "0.003226"], ["83822.6", "0.00009"], ["83822.7", "0.001333"], ["83823.4", "0.00009"], ["83823.5", "0.000333"], ["83823.9", "0.167518"], ["83824", "0.00051"], ["83824.8", "0.001466"], ["83825.4", "0.084"], ["83825.6", "0.08"], ["83825.7", "0.064993"], ["83826.2", "0.0006"], ["83826.6", "0.003242"], ["83826.7", "0.003347"], ["83826.9", "0.001333"], ["83827.6", "0.000333"], ["83827.7", "0.178698"], ["83827.8", "0.171"], ["83828", "0.084658"], ["83828.3", "0.04"], ["83828.6", "0.00051"], ["83829", "0.04"], ["83829.4", "0.001466"], ["83830.4", "0.023867"], ["83830.7", "0.04"], ["83830.8", "0.003244"], ["83831", "0.0012"], ["83831.1", "0.001333"], ["83831.3", "0.009"], ["83831.5", "0.06464"], ["83831.6", "0.119317"], ["83831.8", "0.000423"], ["83832.2", "0.162946"], ["83832.3", "0.059892"], ["83833.2", "0.00051"], ["83833.6", "0.04314"], ["83834", "0.001466"], ["83834.1", "0.009602"], ["83834.9", "0.119299"], ["83835", "0.003244"], ["83835.3", "0.001333"], ["83836", "0.000333"], ["83836.2", "0.206804"], ["83837", "0.000118"], ["83837.9", "0.00051"], ["83838.5", "0.023867"], ["83838.6", "0.001466"], ["83838.8", "0.000358"], ["83839.2", "0.003244"], ["83839.5", "0.001333"], ["83840", "0.119299"], ["83840.2", "0.000423"], ["83841.2", "0.059399"], ["83841.4", "0.01264"], ["83841.5", "0.01264"], ["83841.8", "0.107584"], ["83841.9", "0.063867"], ["83842", "0.051884"], ["83842.5", "0.000512"], ["83842.8", "0.004604"]], "bids": [["83810.1", "0.7044"], ["83810", "0.021836"], ["83809.9", "0.071624"], ["83807.6", "0.001163"], ["83806.4", "0.005764"], ["83806", "0.001333"], ["83805.6", "0.003691"], ["83803.5", "0.011529"], ["83802.5", "0.000333"], ["83802.2", "0.098386"], ["83802.1", "0.071631"], ["83801.8", "0.002799"], ["83801.7", "0.015119"], ["83801.6", "0.00009"], ["83801.4", "0.003181"], ["83801", "0.00051"], ["83800.4", "0.002854"], ["83800", "0.114675"], ["83799.5", "0.071633"], ["83799.4", "0.0087"], ["83799.3", "0.023061"], ["83799", "0.0037"], ["83798.3", "0.082749"], ["83797.6", "0.001333"], ["83797.3", "0.003181"], ["83797.1", "0.001466"], ["83796.9", "0.000994"], ["83796.4", "0.00051"], ["83795.8", "0.171"], ["83795.7", "0.04"], ["83795.6", "0.04"], ["83795.1", "0.004637"], ["83795", "0.0006"], ["83794.1", "0.052333"], ["83793.9", "0.296266"], ["83793.8", "0.00333"], ["83793.7", "0.018111"], ["83793.4", "0.001333"], ["83793.2", "0.00009"], ["83793.1", "0.00318"], ["83792.5", "0.001466"], ["83792.2", "0.044"], ["83791.7", "0.00051"], ["83791.5", "0.048"], ["83790.8", "0.180697"], ["83790.6", "0.044"], ["83790.5", "0.089099"], ["83790.1", "0.577314"], ["83789.9", "0.000333"], ["83789.2", "0.001333"], ["83788.9", "0.066497"], ["83788.8", "0.048"], ["83788.6", "0.044"], ["83788.1", "0.027593"], ["83787.9", "0.001466"], ["83787.1", "0.00051"], ["83786.3", "0.006412"], ["83786", "0.035804"], ["83785.8", "0.059399"], ["83785.7", "0.214546"], ["83785.1", "0.455835"], ["83785", "0.001333"], ["83784.8", "0.00009"], ["83784.7", "0.003178"], ["83783.5", "0.023423"], ["83783.3", "0.172466"], ["83782.5", "0.00051"], ["83782", "0.004664"], ["83781.6", "0.000333"], ["83781.2", "0.024094"], ["83780.8", "0.001333"], ["83780.5", "0.003775"], ["83780", "0.00024"], ["83778.7", "0.001466"], ["83777.9", "0.00051"], ["83777.4", "0.000533"], ["83777", "0.0006"], ["83776.7", "0.067678"], ["83776.6", "0.001333"], ["83776.4", "0.00009"], ["83776.3", "0.003174"], ["83775", "0.059399"], ["83774.9", "0.171"], ["83774.7", "0.011884"], ["83774.1", "0.001466"], ["83773.3", "0.00051"], ["83773.2", "0.000333"], ["83772.5", "0.001333"], ["83772.1", "0.003163"], ["83771.9", "0.000689"], ["83771.4", "0.014633"], ["83771.3", "0.009"], ["83771.1", "0.037978"], ["83770.7", "0.0016"], ["83769.5", "0.001466"], ["83769", "0.000333"], ["83768.7", "0.056755"], ["83768.5", "0.001759"], ["83768.3", "0.001333"], ["83768", "0.00009"]], "ts": 1742561130319, "timestamp": 1742561130.4464362}
{"asks": [["83795.2", "0.758637"], ["83795.3", "0.003576"], ["83795.4", "0.064321"], ["83795.5", "0.1249"], ["83795.7", "0.035801"], ["83795.9", "0.035801"], ["83796.2", "0.035801"], ["83799.6", "0.066056"], ["83799.7", "0.179008"], ["83801", "0.00051"], ["83801.4", "0.00321"], ["83801.8", "0.002799"], ["83801.9", "0.014326"], ["83802.5", "0.000333"], ["83802.6", "0.130672"], ["83802.9", "0.024175"], ["83803", "0.089099"], ["83803.5", "0.053625"], ["83803.6", "0.015"], ["83805.5", "0.059399"], ["83805.6", "0.003721"], ["83805.7", "0.02"], ["83806", "0.001333"], ["83806.2", "0.014325"], ["83806.4", "0.001466"], ["83806.6", "0.00009"], ["83806.7", "0.179316"], ["83808.3", "0.005966"], ["83809.5", "0.065774"], ["83809.8", "0.003213"], ["83810", "0.12035"], ["83810.1", "0.04"], ["83810.2", "0.229187"], ["83810.3", "0.125306"], ["83810.7", "0.003875"], ["83810.8", "0.000999"], ["83810.9", "0.000333"], ["83811", "0.103515"], ["83811.7", "0.04"], ["83811.9", "0.044"], ["83813.5", "0.04"], ["83813.6", "0.04"], ["83814", "0.003216"], ["83814.4", "0.001333"], ["83814.8", "0.036319"], ["83814.9", "0.119339"], ["83815", "0.00009"], ["83815.1", "0.000933"], ["83815.2", "0.081027"], ["83815.3", "0.04"], ["83815.4", "0.089099"], ["83815.6", "0.001466"], ["83816.7", "0.0493"], ["83816.9", "0.04"], ["83817.1", "0.003"], ["83818.2", "0.003216"], ["83818.3", "0.0006"], ["83818.5", "0.019578"], ["83819.3", "0.000333"], ["83819.4", "0.00051"], ["83819.6", "0.023865"], ["83820.2", "0.078556"], ["83820.3", "0.171"], ["83820.4", "0.0006"], ["83821.3", "0.059399"], ["83822.4", "0.003216"], ["83822.7", "0.001333"], ["83823", "0.000994"], ["83823.4", "0.00009"], ["83823.5", "0.000333"], ["83823.6", "0.02"], ["83823.8", "0.01194"], ["83824", "0.00051"], ["83824.7", "0.04288"], ["83824.8", "0.001466"], ["83825.1", "0.02"], ["83825.4", "0.023865"], ["83825.7", "0.023865"], ["83826", "0.023865"], ["83826.6", "0.003216"], ["83826.7", "0.02"], ["83826.9", "0.014333"], ["83827", "0.01262"], ["83827.2", "0.023865"], ["83827.4", "0.04"], ["83827.5", "0.04"], ["83827.6", "0.000454"], ["83827.7", "0.026424"], ["83828.3", "0.005966"], ["83828.6", "0.00051"], ["83829.4", "0.314328"], ["83829.5", "0.191"], ["83829.8", "0.004164"], ["83829.9", "0.461734"], ["83830.1", "0.0012"], ["83830.8", "0.003218"], ["83831.1", "0.001333"], ["83831.3", "0.009"], ["83831.6", "0.0002"], ["83831.8", "0.000423"]], "bids": [["83795.1", "0.002274"], ["83795", "0.0006"], ["83794.1", "0.000333"], ["83793.4", "0.001333"], ["83793.1", "0.00318"], ["83792.5", "0.001466"], ["83792.1", "0.07164"], ["83791.7", "0.00051"], ["83790.8", "0.000994"], ["83790.3", "0.0003"], ["83789.9", "0.000333"], ["83789.2", "0.001333"], ["83788.9", "0.003178"], ["83787.9", "0.001466"], ["83787.6", "0.001739"], ["83787.1", "0.00051"], ["83786.7", "0.015"], ["83786.5", "0.0045"], ["83785.7", "0.000631"], ["83785.6", "0.131901"], ["83785.5", "0.004062"], ["83785", "0.001333"], ["83784.8", "0.00009"], ["83784.7", "0.003178"], ["83783.5", "0.000298"], ["83783.4", "0.119299"], ["83783.3", "0.226594"], ["83783.2", "0.071647"], ["83782.9", "0.000358"], ["83782.5", "0.00051"], ["83781.6", "0.000333"], ["83781.3", "0.089436"], ["83781.2", "0.071649"], ["83780.8", "0.001333"], ["83780.5", "0.003775"], ["83780.2", "0.04"], ["83780.1", "0.04"], ["83780", "0.00024"], ["83779.7", "0.004758"], ["83778.7", "0.001466"], ["83778.6", "0.052"], ["83778.5", "0.058275"], ["83778.3", "0.02378"], ["83777.9", "0.00051"], ["83777.4", "0.000333"], ["83777", "0.0006"], ["83776.8", "0.044"], ["83776.6", "0.326106"], ["83776.5", "0.048"], ["83776.4", "0.011974"], ["83776.3", "0.003174"], ["83775.9", "0.559664"], ["83775.7", "0.003"], ["83775.1", "0.163299"], ["83774.9", "0.200264"], ["83774.8", "0.052"], ["83774.1", "0.001466"], ["83773.7", "0.044"], ["83773.5", "0.009234"], ["83773.4", "0.048"], ["83773.3", "0.00051"], ["83773.2", "0.000333"], ["83772.5", "0.001333"], ["83772.1", "0.003163"], ["83771.9", "0.000689"], ["83771.3", "0.009"], ["83771.2", "0.004775"], ["83769.5", "0.001466"], ["83769", "0.000451"], ["83768.7", "0.00051"], ["83768.3", "0.001333"], ["83768", "0.119389"], ["83767.9", "0.003161"], ["83767.1", "0.00009"], ["83766.6", "0.193204"], ["83766.5", "0.171"], ["83766.1", "0.488044"], ["83765.7", "0.000083"], ["83765.1", "0.00092"], ["83764.9", "0.001466"], ["83764.8", "0.005032"], ["83764.1", "0.001843"], ["83763.7", "0.003161"], ["83762.4", "0.0002"], ["83762.1", "0.119299"], ["83760.8", "0.002558"], ["83760.6", "0.000333"], ["83760.3", "0.001466"], ["83760", "0.00006"], ["83759.9", "0.001333"], ["83759.6", "0.015134"], ["83759.5", "0.00051"], ["83759.4", "0.093519"], ["83758.1", "0.171"], ["83757.7", "0.020928"], ["83756.5", "0.0045"], ["83756.4", "0.000333"], ["83755.7", "0.002799"], ["83755.4", "0.00376"], ["83755", "0.023834"]], "ts": 1742561183320, "timestamp": 1742561183.5158}
{"asks": [["83870.9", "0.516378"], ["83871.1", "0.021471"], ["83872.7", "0.003244"], ["83873", "0.001333"], ["83873.8", "0.000333"], ["83874.6", "0.006181"], ["83874.7", "0.000512"], ["83875.1", "0.020867"], ["83875.2", "0.02147"], ["83875.4", "0.003857"], ["83875.5", "0.001466"], ["83876.5", "0.0045"], ["83876.9", "0.003244"], ["83877.2", "0.001333"], ["83877.3", "0.011884"], ["83877.4", "0.02147"], ["83878", "0.000333"], ["83878.4", "0.09756"], ["83878.8", "0.009664"], ["83879.3", "0.015"], ["83879.4", "0.000512"], ["83880.1", "0.019683"], ["83880.2", "0.02646"], ["83880.7", "0.0002"], ["83881.1", "0.003244"], ["83881.2", "0.023705"], ["83881.3", "0.178824"], ["83881.4", "0.001333"], ["83881.9", "0.065257"], ["83882.1", "0.000333"], ["83882.2", "0.00009"], ["83882.7", "0.207163"], ["83883", "0.000358"], ["83883.1", "0.17882"], ["83884", "0.000512"], ["83884.6", "0.178817"], ["83884.8", "0.001466"], ["83885.1", "0.003548"], ["83885.2", "0.04"], ["83885.3", "0.043244"], ["83885.4", "0.020911"], ["83885.6", "0.001333"], ["83886.3", "0.000333"], ["83886.6", "0.373072"], ["83886.7", "0.021638"], ["83886.9", "0.04"], ["83887", "0.044"], ["83888", "0.0424"], ["83888.5", "0.04"], ["83888.6", "0.000512"], ["83888.7", "0.04"], ["83888.9", "0.00926"], ["83889.4", "0.001466"], ["83889.5", "0.003244"], ["83889.8", "0.001333"], ["83889.9", "0.059399"], ["83890", "0.19984"], ["83890.2", "0.04"], ["83890.3", "0.002528"], ["83890.4", "0.04"], ["83890.5", "0.000333"], ["83890.6", "0.00009"], ["83891.3", "0.009"], ["83891.7", "0.082908"], ["83891.9", "0.04"], ["83892", "0.04"], ["83893.2", "0.000512"], ["83893.3", "0.02464"], ["83893.4", "0.002261"], ["83893.5", "0.000057"], ["83893.7", "0.003244"], ["83894", "0.002799"], ["83894.1", "0.011884"], ["83894.2", "0.01193"], ["83894.7", "0.000333"], ["83895", "0.171"], ["83895.4", "0.035779"], ["83896.3", "0.152672"], ["83896.4", "0.495252"], ["83897", "0.000118"], ["83897.8", "0.000512"], ["83897.9", "0.003244"], ["83898.1", "0.001789"], ["83898.2", "0.001333"], ["83898.6", "0.001466"], ["83898.9", "0.000333"], ["83899", "0.00009"], ["83899.5", "0.000083"], ["83900", "0.32736"], ["83900.1", "0.059399"], ["83901.4", "0.04"], ["83901.5", "0.052723"], ["83901.6", "0.012723"], ["83902.1", "0.003244"], ["83902.4", "0.001845"], ["83902.9", "0.559701"], ["83903.1", "0.000333"], ["83903.2", "0.001466"], ["83903.4", "0.171"], ["83903.6", "0.065548"]], "bids": [["83870.8", "0.477307"], ["83870.7", "0.001928"], ["83870.2", "0.023557"], ["83870.1", "0.072173"], ["83867.1", "0.005749"], ["83866", "0.0006"], ["83865.5", "0.000512"], ["83865.4", "0.000333"], ["83864.7", "0.072911"], ["83864.3", "0.003187"], ["83864.2", "0.003679"], ["83862.9", "0.092145"], ["83862.4", "0.186"], ["83861.7", "0.08875"], ["83861.2", "0.000333"], ["83860.9", "0.000512"], ["83860.6", "0.045674"], ["83860.5", "0.214096"], ["83860.4", "0.00009"], ["83860.1", "0.003187"], ["83860", "0.00006"], ["83858.6", "0.000994"], ["83858.5", "0.0054"], ["83857.1", "0.001466"], ["83857", "0.000333"], ["83856.7", "0.000298"], ["83856.3", "0.059919"], ["83855.9", "0.003184"], ["83855.3", "0.054463"], ["83854.9", "0.04"], ["83854.5", "0.04"], ["83853.8", "0.003938"], ["83853.2", "0.052"], ["83852.9", "0.04"], ["83852.8", "0.000333"], ["83852.5", "0.001466"], ["83852.4", "0.119299"], ["83852.2", "0.114758"], ["83852.1", "0.045333"], ["83852", "0.00009"], ["83851.7", "0.003694"], ["83851.6", "0.171"], ["83851.5", "0.052"], ["83851.2", "0.044"], ["83849.7", "0.018136"], ["83848.8", "0.052"], ["83848.6", "0.000333"], ["83847.9", "0.050799"], ["83847.6", "0.003181"], ["83847.1", "0.00051"], ["83847", "0.009005"], ["83846.8", "0.066989"], ["83846.7", "0.119299"], ["83846.6", "0.044"], ["83846", "0.059399"], ["83845.1", "0.023373"], ["83844.8", "0.0006"], ["83844.4", "0.000333"], ["83844.2", "0.016394"], ["83844.1", "0.090518"], ["83843.7", "0.001333"], ["83843.6", "0.00009"], ["83843.4", "0.003181"], ["83843.2", "0.001466"], ["83843.1", "0.004654"], ["83842.6", "0.025393"], ["83842.5", "0.00051"], ["83842.4", "0.001197"], ["83841.6", "0.119299"], ["83840.4", "0.171"], ["83840.2", "0.000333"], ["83840", "0.000483"], ["83839.5", "0.432255"], ["83839.4", "0.552682"], ["83839.2", "0.00318"], ["83838.6", "0.001466"], ["83837.8", "0.00051"], ["83837.6", "0.0002"], ["83836.5", "0.507615"], ["83836.3", "0.059399"], ["83836", "0.000333"], ["83835.9", "0.073541"], ["83835.8", "0.119299"], ["83835.6", "0.035779"], ["83835.3", "0.001333"], ["83835.2", "0.00009"], ["83835", "0.003173"], ["83834", "0.001466"], ["83833.9", "0.059633"], ["83833.2", "0.00051"], ["83832.5", "0.023853"], ["83831.8", "0.000333"], ["83831.3", "0.009"], ["83831.1", "0.0861"], ["83831", "0.02268"], ["83830.9", "0.089099"], ["83830.8", "0.003173"], ["83829.8", "0.0016"], ["83829.4", "0.180312"], ["83828.6", "0.00051"]], "ts": 1742561258519, "timestamp": 1742561258.678866}
{"asks": [["84044.7", "0.540561"], ["84044.8", "0.071424"], ["84045.1", "0.001333"], ["84045.5", "0.000516"], ["84045.8", "0.000333"], ["84046", "0.0004"], ["84046.3", "0.001466"], ["84047", "0.0006"], ["84047.8", "0.0006"], ["84048.9", "0.003625"], ["84049.3", "0.001333"], ["84050", "0.000333"], ["84050.1", "0.000516"], ["84050.9", "0.001466"], ["84051.4", "0.01114"], ["84051.8", "0.071418"], ["84052", "0.000295"], ["84052.1", "0.088171"], ["84052.2", "0.106645"], ["84053.1", "0.018922"], ["84053.3", "0.171"], ["84053.5", "0.001333"], ["84053.8", "0.050468"], ["84053.9", "0.01067"], ["84054.2", "0.000333"], ["84054.8", "0.061886"], ["84055.6", "0.038745"], ["84055.7", "0.003934"], ["84055.9", "0.076415"], ["84056", "0.00018"], ["84056.4", "0.002"], ["84057.3", "0.003626"], ["84057.7", "0.001333"], ["84058.1", "0.002"], ["84058.4", "0.000333"], ["84058.5", "0.04"], ["84058.7", "0.04"], ["84059", "0.260603"], ["84059.3", "0.178445"], ["84059.4", "0.000516"], ["84059.6", "0.178477"], ["84059.8", "0.000361"], ["84060.2", "0.041466"], ["84060.4", "0.04"], ["84060.9", "0.178442"], ["84061.2", "0.015"], ["84061.6", "0.003626"], ["84061.9", "0.001333"], ["84062.1", "0.080023"], ["84062.6", "0.187953"], ["84063", "0.279721"], ["84063.7", "0.075703"], ["84063.8", "0.04"], ["84064", "0.000516"], ["84064.4", "0.00009"], ["84064.8", "0.060865"], ["84064.9", "0.171"], ["84065.2", "0.04"], ["84065.4", "0.04"], ["84065.6", "0.019002"], ["84065.8", "0.003626"], ["84066", "0.05942"], ["84066.1", "0.001333"], ["84066.5", "0.004681"], ["84066.8", "0.000333"], ["84067.2", "0.442229"], ["84067.3", "0.178477"], ["84068", "0.003"], ["84068.6", "0.000516"], ["84069.1", "0.023798"], ["84069.2", "0.003576"], ["84069.4", "0.001466"], ["84069.5", "0.55178"], ["84069.8", "0.003053"], ["84070", "0.027544"], ["84070.3", "0.001333"], ["84070.5", "0.124934"], ["84071", "0.000333"], ["84071.5", "0.178477"], ["84071.6", "0.484659"], ["84071.7", "0.517614"], ["84072.1", "0.001785"], ["84072.5", "0.116549"], ["84072.8", "0.00009"], ["84073.1", "0.023798"], ["84073.2", "0.0006"], ["84073.3", "0.000516"], ["84073.4", "0.171"], ["84073.9", "0.023798"], ["84074", "0.013945"], ["84074.1", "0.001466"], ["84074.2", "0.003628"], ["84074.5", "0.001333"], ["84074.6", "0.0025"], ["84074.8", "0.023798"], ["84075", "0.059399"], ["84075.2", "0.001933"], ["84075.6", "0.06097"], ["84076.6", "0.003575"], ["84077", "0.098009"]], "bids": [["84044.6", "0.093314"], ["84043.9", "0.0006"], ["84040", "0.00006"], ["84039", "0.002"], ["84037.6", "0.044721"], ["84037.5", "0.033099"], ["84037.4", "0.000333"], ["84037.1", "0.014174"], ["84036.7", "0.072764"], ["84036.6", "0.0001"], ["84036.3", "0.00416"], ["84036.2", "0.04635"], ["84035.4", "0.026675"], ["84033.6", "0.00009"], ["84033.4", "0.000897"], ["84033.3", "0.158195"], ["84033.2", "0.000333"], ["84033.1", "0.171"], ["84032.9", "0.025418"], ["84032.5", "0.001333"], ["84032.4", "0.001466"], ["84032.1", "0.003643"], ["84031.7", "0.001269"], ["84030.8", "0.070133"], ["84030.5", "0.000999"], ["84030.2", "0.048"], ["84030.1", "0.044"], ["84029.9", "0.116558"], ["84029.4", "0.106805"], ["84029.2", "0.118852"], ["84029", "0.000333"], ["84028.6", "0.04"], ["84028.5", "0.059399"], ["84028.4", "0.044"], ["84028.3", "0.001333"], ["84027.9", "0.003642"], ["84027.8", "0.001466"], ["84027.7", "0.003"], ["84027.2", "0.004081"], ["84027", "0.000516"], ["84026.8", "0.04"], ["84026.7", "0.044"], ["84025.2", "0.00009"], ["84025.1", "0.04"], ["84025", "0.04"], ["84024.8", "0.000333"], ["84024.2", "0.009"], ["84024.1", "0.193527"], ["84024", "0.118852"], ["84023.9", "0.171"], ["84023.8", "0.01884"], ["84023.7", "0.003641"], ["84023.6", "0.052"], ["84023.4", "0.048"], ["84023.2", "0.002066"], ["84022.4", "0.000516"], ["84020.8", "0.070196"], ["84020.6", "0.000333"], ["84020", "0.00006"], ["84019.9", "0.001333"], ["84019.8", "0.009358"], ["84019.5", "0.00364"], ["84018.6", "0.001466"], ["84017.9", "0.059399"], ["84017.8", "0.000516"], ["84016.8", "0.11924"], ["84016.7", "0.407655"], ["84016.4", "0.000333"], ["84015.7", "0.001333"], ["84015.6", "0.035706"], ["84015.3", "0.00364"], ["84015.2", "0.171"], ["84014.3", "0.0006"], ["84014", "0.001466"], ["84013.3", "0.512611"], ["84013.2", "0.000516"], ["84013", "0.562036"], ["84012.5", "0.182309"], ["84012.2", "0.000333"], ["84011.8", "0.011904"], ["84011.6", "0.03739"], ["84011.5", "0.001333"], ["84011.1", "0.003639"], ["84010.6", "0.118852"], ["84009.3", "0.060865"], ["84008.5", "0.000516"], ["84008.4", "0.00009"], ["84008.2", "0.129045"], ["84008", "0.000333"], ["84007.5", "0.124934"], ["84007.4", "0.0016"], ["84007.3", "0.001333"], ["84006.9", "0.003636"], ["84006.6", "0.039635"], ["84006.5", "0.039635"], ["84006.1", "0.022837"], ["84005.8", "0.028419"], ["84005.3", "0.118852"], ["84004.7", "0.014348"], ["84004.6", "0.012882"]], "ts": 1742569695520, "timestamp": 1742569695.9191341}
{"asks": [["84049", "0.632826"], ["84049.2", "0.098009"], ["84051.9", "0.019092"], ["84052", "0.491802"], ["84053.1", "0.000153"], ["84053.2", "0.014868"], ["84053.5", "0.001333"], ["84053.6", "0.148009"], ["84054.2", "0.000333"], ["84054.7", "0.042048"], ["84054.8", "0.050516"], ["84055.6", "0.001466"], ["84055.7", "0.05"], ["84057.3", "0.113248"], ["84057.4", "0.05"], ["84057.7", "0.001333"], ["84057.8", "0.171"], ["84058.2", "0.005335"], ["84058.4", "0.058485"], ["84059.4", "0.000516"], ["84059.9", "0.075272"], ["84060", "0.071411"], ["84060.1", "0.068007"], ["84060.2", "0.001466"], ["84060.4", "0.015675"], ["84060.7", "0.04268"], ["84060.9", "0.01045"], ["84061.1", "0.011436"], ["84061.6", "0.005225"], ["84061.7", "0.035335"], ["84061.9", "0.001333"], ["84062", "0.02"], ["84062.6", "0.032936"], ["84062.7", "0.02"], ["84062.8", "0.110885"], ["84063.2", "0.033565"], ["84063.4", "0.117472"], ["84064", "0.000516"], ["84064.4", "0.00009"], ["84064.8", "0.001466"], ["84065.1", "0.023792"], ["84065.5", "0.09948"], ["84066.1", "0.001333"], ["84066.8", "0.208961"], ["84067.3", "0.065363"], ["84067.4", "0.191"], ["84067.6", "0.019816"], ["84068.6", "0.000258"], ["84069.4", "0.001466"], ["84070", "0.00367"], ["84070.3", "0.001333"], ["84070.5", "0.04"], ["84071", "0.000333"], ["84072.8", "0.00009"], ["84073.5", "0.05948"], ["84073.8", "0.059399"], ["84073.9", "0.04"], ["84074.3", "0.414337"], ["84074.4", "0.003575"], ["84074.5", "0.001333"], ["84075.1", "0.04"], ["84075.2", "0.000333"], ["84075.3", "0.04"], ["84075.5", "0.04"], ["84075.6", "0.053897"], ["84075.8", "0.015"], ["84076.3", "0.04"], ["84076.8", "0.080974"], ["84076.9", "0.023519"], ["84077.1", "0.116375"], ["84077.7", "0.089099"], ["84077.9", "0.000516"], ["84078.4", "0.00367"], ["84078.5", "0.02"], ["84078.7", "0.042799"], ["84078.8", "0.04"], ["84078.9", "0.04"], ["84079.4", "0.000536"], ["84079.8", "0.04"], ["84080", "0.267585"], ["84080.1", "0.191"], ["84080.7", "0.023792"], ["84081.2", "0.00009"], ["84081.6", "0.023792"], ["84082", "0.118852"], ["84082.1", "0.552036"], ["84082.5", "0.000516"], ["84082.6", "0.00367"], ["84082.9", "0.001333"], ["84083.3", "0.001466"], ["84083.6", "0.000333"], ["84083.7", "0.0207"], ["84083.8", "0.003575"], ["84084.6", "0.023792"], ["84084.9", "0.218369"], ["84085", "0.517081"], ["84085.1", "0.059399"], ["84085.5", "0.023792"], ["84085.9", "0.089099"], ["84086.3", "0.063792"]], "bids": [["84048.9", "0.003663"], ["84048.1", "0.000361"], ["84046.3", "0.001466"], ["84045.8", "0.000333"], ["84045.7", "0.000691"], ["84045.5", "0.000516"], ["84045.1", "0.001333"], ["84044.7", "0.003663"], ["84044.6", "0.0006"], ["84043.9", "0.002681"], ["84043.5", "0.015"], ["84043.4", "0.005947"], ["84042", "0.00009"], ["84041.7", "0.001466"], ["84041.6", "0.000333"], ["84041.3", "0.04"], ["84040.9", "0.001849"], ["84040.5", "0.036378"], ["84040", "0.00006"], ["84038.4", "0.044"], ["84038", "0.044284"], ["84037.7", "0.015891"], ["84037.4", "0.000333"], ["84037.2", "0.04"], ["84037.1", "0.001466"], ["84036.7", "0.001333"], ["84036.6", "0.0016"], ["84036.4", "0.0003"], ["84036.3", "0.00416"], ["84036.1", "0.03732"], ["84033.6", "0.00009"], ["84033.5", "0.018767"], ["84033.4", "0.142655"], ["84033.3", "0.059399"], ["84033.2", "0.000333"], ["84033.1", "0.171"], ["84032.5", "0.001333"], ["84032.4", "0.001466"], ["84032.1", "0.003643"], ["84031.7", "0.001116"], ["84030", "0.118852"], ["84029.9", "0.116375"], ["84029", "0.000333"], ["84028.8", "0.071438"], ["84028.3", "0.001333"], ["84027.9", "0.003642"], ["84027.8", "0.001466"], ["84027.4", "0.022323"], ["84027", "0.000516"], ["84026.9", "0.009438"], ["84026", "0.000361"], ["84025.6", "0.011902"], ["84025.2", "0.00009"], ["84024.8", "0.059732"], ["84024.7", "0.133349"], ["84024.6", "0.0025"], ["84024.2", "0.009"], ["84024.1", "0.001333"], ["84023.9", "0.171"], ["84023.7", "0.003641"], ["84023.2", "0.120918"], ["84022.4", "0.000516"], ["84020.8", "0.070196"], ["84020.6", "0.000333"], ["84020", "0.00006"], ["84019.9", "0.001333"], ["84019.5", "0.00364"], ["84018.6", "0.001466"], ["84017.8", "0.000516"], ["84016.9", "0.118852"], ["84016.8", "0.00009"], ["84016.4", "0.517019"], ["84015.7", "0.001333"], ["84015.3", "0.076391"], ["84015.2", "0.171"], ["84014.3", "0.0006"], ["84014", "0.001466"], ["84013.6", "0.059399"], ["84013.5", "0.562285"], ["84013.4", "0.049546"], ["84013.2", "0.000516"], ["84012.9", "0.05"], ["84012.6", "0.044"], ["84012.2", "0.000333"], ["84011.5", "0.001333"], ["84011.2", "0.015"], ["84011.1", "0.003639"], ["84010.9", "0.04"], ["84010.8", "0.074704"], ["84010.7", "0.044"], ["84010.6", "0.118852"], ["84009.3", "0.001466"], ["84009", "0.04"], ["84008.8", "0.044"], ["84008.5", "0.000516"], ["84008.4", "0.00018"], ["84008", "0.000333"], ["84007.3", "0.041333"], ["84007.1", "0.04"], ["84007", "0.152081"]], "ts": 1742569756119, "timestamp": 1742569756.4890537}
