{"e": "depthUpdate", "E": 1742554939014, "s": "BTCUSDT", "U": 64606997619, "u": 64606997866, "b": [["84131.96000000", "4.99138000"], ["84131.95000000", "0.00033000"], ["84130.49000000", "0.00014000"], ["84130.30000000", "0.00021000"], ["84130.29000000", "0.00446000"], ["84130.23000000", "0.44924000"], ["84129.47000000", "0.45007000"], ["84129.13000000", "0.00011000"], ["84126.75000000", "0.00000000"], ["84126.00000000", "0.02266000"], ["84122.29000000", "0.00000000"], ["84122.23000000", "0.00000000"], ["84121.95000000", "0.00000000"], ["84121.80000000", "0.02410000"], ["84120.62000000", "0.00000000"], ["84119.78000000", "0.49163000"], ["84119.35000000", "0.01076000"], ["84117.59000000", "0.00000000"], ["84115.81000000", "0.59407000"], ["84112.81000000", "0.89111000"], ["84106.64000000", "0.05940000"], ["84100.80000000", "0.00006000"], ["84098.90000000", "0.93721000"], ["84097.51000000", "0.00016000"], ["84094.23000000", "0.59457000"], ["84091.89000000", "0.00000000"], ["84085.05000000", "0.00000000"], ["84079.07000000", "0.59407000"], ["84078.56000000", "0.00000000"], ["84073.90000000", "0.45058000"], ["84070.01000000", "0.00142000"], ["84047.80000000", "0.00000000"], ["84039.09000000", "0.80400000"], ["84027.16000000", "0.00000000"], ["83994.04000000", "0.00000000"], ["83989.00000000", "0.05497000"], ["83988.71000000", "0.00000000"], ["83977.81000000", "0.00000000"], ["83959.80000000", "0.01000000"], ["83884.13000000", "0.00000000"], ["83186.05000000", "0.06004000"], ["82869.98000000", "0.00000000"], ["79900.00000000", "5.57490000"], ["75718.00000000", "0.00000000"], ["67305.57000000", "0.00058000"], ["60000.00000000", "73.17018000"], ["33000.00000000", "2.93827000"]], "a": [["84131.97000000", "1.93546000"], ["84131.98000000", "0.00045000"], ["84132.00000000", "0.00000000"], ["84132.01000000", "0.00000000"], ["84132.07000000", "0.00008000"], ["84132.31000000", "0.00014000"], ["84132.32000000", "0.08966000"], ["84133.64000000", "0.00000000"], ["84134.61000000", "0.01641000"], ["84136.88000000", "0.00000000"], ["84137.36000000", "0.02375000"], ["84139.68000000", "0.00000000"], ["84139.70000000", "0.00000000"], ["84140.14000000", "0.02415000"], ["84140.39000000", "0.45000000"], ["84142.36000000", "0.00418000"], ["84144.63000000", "0.00000000"], ["84146.59000000", "0.00000000"], ["84146.98000000", "0.00000000"], ["84147.00000000", "0.02408000"], ["84147.06000000", "0.03567000"], ["84147.07000000", "0.00029000"], ["84160.97000000", "0.00572000"], ["84161.85000000", "0.00760000"], ["84163.15000000", "0.59456000"], ["84164.03000000", "0.00000000"], ["84175.60000000", "0.21905000"], ["84178.18000000", "0.25105000"], ["84211.83000000", "0.50174000"], ["84242.19000000", "0.00000000"], ["84262.74000000", "0.05097000"], ["84286.43000000", "0.00000000"], ["84325.70000000", "0.00000000"], ["84369.53000000", "0.00000000"], ["85393.95000000", "0.00100000"]], "record_time": 1742554939.054264, "EXCHANGE": "BINANCE"}
{"e": "depthUpdate", "E": 1742554940014, "s": "BTCUSDT", "U": 64606997867, "u": 64606998047, "b": [["84131.96000000", "3.81061000"], ["84131.95000000", "0.00033000"], ["84131.81000000", "0.00021000"], ["84131.80000000", "0.01940000"], ["84130.30000000", "0.00007000"], ["84130.29000000", "0.00000000"], ["84130.24000000", "0.00014000"], ["84130.23000000", "0.23920000"], ["84130.00000000", "0.02267000"], ["84129.47000000", "0.00000000"], ["84129.20000000", "0.00000000"], ["84129.10000000", "0.00000000"], ["84128.43000000", "0.02401000"], ["84125.84000000", "0.00008000"], ["84124.40000000", "0.00000000"], ["84122.25000000", "0.00089000"], ["84122.22000000", "0.00094000"], ["84119.35000000", "0.01032000"], ["84119.10000000", "0.00000000"], ["84119.00000000", "0.00000000"], ["84117.59000000", "0.00000000"], ["84115.13000000", "0.00000000"], ["84108.69000000", "0.00016000"], ["84106.72000000", "0.06240000"], ["84106.64000000", "0.05940000"], ["84095.80000000", "0.00000000"], ["84089.34000000", "0.05000000"], ["84085.05000000", "0.00000000"], ["84079.07000000", "0.00000000"], ["84078.15000000", "0.59407000"], ["84047.58000000", "0.00298000"], ["84047.18000000", "0.00000000"], ["84039.17000000", "0.00597000"], ["84038.77000000", "0.00000000"], ["84030.76000000", "0.00904000"], ["84030.36000000", "0.00000000"], ["84022.35000000", "0.01194000"], ["84021.95000000", "0.00000000"], ["84013.95000000", "0.01493000"], ["84013.55000000", "0.00000000"], ["83989.00000000", "0.05097000"], ["83980.84000000", "0.00000000"], ["83977.34000000", "0.99313000"], ["83974.80000000", "0.00006000"], ["83964.23000000", "0.00400000"], ["83959.80000000", "0.01000000"], ["83959.70000000", "0.00000000"], ["83955.36000000", "0.00000000"], ["82869.98000000", "0.00100000"], ["75718.00000000", "0.00000000"], ["67305.57000000", "0.00058000"], ["33000.00000000", "2.93827000"]], "a": [["84131.97000000", "3.31329000"], ["84131.98000000", "0.00045000"], ["84132.32000000", "0.17375000"], ["84133.64000000", "0.01184000"], ["84134.40000000", "0.00000000"], ["84134.61000000", "0.00000000"], ["84136.20000000", "0.00500000"], ["84141.30000000", "0.00000000"], ["84142.36000000", "0.00000000"], ["84146.59000000", "0.71284000"], ["84147.06000000", "0.00000000"], ["84147.07000000", "0.00029000"], ["84151.40000000", "0.00000000"], ["84157.71000000", "0.59458000"], ["84161.80000000", "0.12833000"], ["84163.15000000", "0.00000000"], ["84163.85000000", "0.05000000"], ["84168.81000000", "0.00000000"], ["84195.90000000", "0.03609000"], ["84197.15000000", "0.00000000"], ["84205.63000000", "0.00000000"], ["84215.95000000", "0.00595000"], ["84217.97000000", "0.00000000"], ["84221.43000000", "0.00000000"], ["84224.36000000", "0.00597000"], ["84232.45000000", "0.00000000"], ["84232.78000000", "0.00895000"], ["84241.20000000", "0.01194000"], ["84244.41000000", "0.04635000"], ["84249.62000000", "0.01493000"], ["84267.64000000", "0.00660000"], ["84295.00000000", "0.00000000"], ["84303.60000000", "0.00118000"], ["84303.61000000", "0.99952000"], ["84315.57000000", "0.00000000"], ["84973.27000000", "0.00000000"], ["85393.95000000", "0.00000000"]], "record_time": 1742554940.036728, "EXCHANGE": "BINANCE"}
{"e": "depthUpdate", "E": 1742554941014, "s": "BTCUSDT", "U": 64606998048, "u": 64606998221, "b": [["84131.96000000", "3.02890000"], ["84131.95000000", "0.00033000"], ["84131.89000000", "0.00021000"], ["84131.88000000", "0.12665000"], ["84131.87000000", "0.00007000"], ["84131.81000000", "0.00007000"], ["84131.80000000", "0.00007000"], ["84131.12000000", "0.00006000"], ["84130.49000000", "0.00000000"], ["84130.30000000", "0.00000000"], ["84130.24000000", "0.00014000"], ["84130.00000000", "0.02267000"], ["84129.13000000", "0.00000000"], ["84128.43000000", "0.02401000"], ["84126.84000000", "0.00000000"], ["84126.63000000", "0.00011000"], ["84126.26000000", "0.04817000"], ["84125.92000000", "0.00000000"], ["84123.44000000", "0.02434000"], ["84123.43000000", "0.00000000"], ["84121.80000000", "0.00006000"], ["84120.77000000", "0.00000000"], ["84120.51000000", "0.00000000"], ["84089.34000000", "0.00000000"], ["84084.80000000", "0.05000000"], ["83970.09000000", "0.00000000"], ["83964.23000000", "0.00000000"], ["83962.83000000", "0.00000000"], ["83957.01000000", "0.00400000"], ["83186.05000000", "0.00000000"], ["82869.98000000", "0.00000000"], ["75718.00000000", "0.00000000"], ["67305.57000000", "0.00058000"], ["33000.00000000", "2.93827000"], ["20002.00000000", "0.00000000"], ["20001.00000000", "0.02099000"]], "a": [["84131.97000000", "3.42174000"], ["84131.98000000", "0.00059000"], ["84131.99000000", "0.00000000"], ["84132.41000000", "0.00000000"], ["84133.64000000", "0.01188000"], ["84134.40000000", "0.00000000"], ["84134.63000000", "0.00000000"], ["84135.29000000", "0.01011000"], ["84136.00000000", "0.02260000"], ["84137.28000000", "0.04817000"], ["84137.83000000", "0.00000000"], ["84144.97000000", "0.00000000"], ["84147.07000000", "0.03596000"], ["84157.71000000", "0.00000000"], ["84160.28000000", "0.59457000"], ["84189.25000000", "0.02378000"], ["84195.60000000", "0.00000000"], ["84221.30000000", "0.62970000"], ["84223.68000000", "1.10924000"], ["84349.26000000", "0.00000000"], ["85393.95000000", "0.00100000"]], "record_time": 1742554941.036591, "EXCHANGE": "BINANCE"}
{"e": "depthUpdate", "E": 1742554942014, "s": "BTCUSDT", "U": 64606998222, "u": 64606998327, "b": [["84131.96000000", "2.71068000"], ["84131.95000000", "0.00046000"], ["84131.80000000", "0.00007000"], ["84131.66000000", "0.00807000"], ["84131.13000000", "0.00000000"], ["84124.40000000", "0.00500000"], ["84120.51000000", "0.02378000"], ["84117.60000000", "0.02370000"], ["84095.80000000", "0.00500000"], ["84094.06000000", "0.00000000"], ["84090.21000000", "0.00000000"], ["84089.70000000", "0.05009000"], ["84088.50000000", "0.00000000"], ["84084.80000000", "0.00000000"], ["84082.51000000", "0.00000000"], ["84078.66000000", "0.00935000"], ["84077.81000000", "0.01870000"], ["83966.03000000", "0.00000000"], ["83957.01000000", "0.00000000"], ["83953.83000000", "0.00400000"], ["82869.98000000", "0.00100000"], ["75718.00000000", "0.00000000"], ["67305.57000000", "0.00058000"], ["33000.00000000", "2.93827000"], ["30287.51000000", "0.00020000"]], "a": [["84131.97000000", "3.45604000"], ["84132.08000000", "0.00014000"], ["84132.09000000", "0.12440000"], ["84132.20000000", "0.00000000"], ["84132.31000000", "0.00000000"], ["84132.32000000", "0.00132000"], ["84136.20000000", "0.00000000"], ["84142.34000000", "0.03704000"], ["84151.75000000", "0.00000000"], ["84189.25000000", "0.00000000"], ["84202.81000000", "0.00000000"], ["84205.63000000", "0.00041000"], ["84278.60000000", "0.00000000"], ["84281.94000000", "0.00035000"], ["85393.95000000", "0.00000000"], ["92000.00000000", "75.34985000"]], "record_time": 1742554942.057851, "EXCHANGE": "BINANCE"}
{"e": "depthUpdate", "E": 1742554943014, "s": "BTCUSDT", "U": 64606998328, "u": 64606998435, "b": [["84131.96000000", "2.34340000"], ["84131.88000000", "0.12665000"], ["84131.66000000", "0.01575000"], ["84130.23000000", "0.19119000"], ["84130.00000000", "0.02260000"], ["84089.88000000", "0.43330000"], ["84089.87000000", "0.37671000"], ["84089.70000000", "0.00009000"], ["84087.47000000", "0.00000000"], ["84085.05000000", "0.05000000"], ["84078.66000000", "0.00000000"], ["84077.81000000", "0.00000000"], ["84074.81000000", "0.02805000"], ["84069.33000000", "0.00000000"], ["84067.84000000", "0.00000000"], ["84061.96000000", "0.00000000"], ["83809.30000000", "0.00000000"], ["82869.98000000", "0.00000000"], ["75718.00000000", "0.00000000"], ["67305.57000000", "0.00058000"], ["33000.00000000", "2.93827000"]], "a": [["84131.97000000", "3.25540000"], ["84132.06000000", "0.00014000"], ["84132.07000000", "0.02812000"], ["84139.63000000", "0.00000000"], ["84142.34000000", "0.00900000"], ["84142.35000000", "0.00000000"], ["84142.83000000", "0.10702000"], ["84144.97000000", "0.00880000"], ["84145.25000000", "0.08304000"], ["84146.72000000", "0.29979000"], ["84146.95000000", "0.00000000"], ["84147.31000000", "0.05940000"], ["84155.93000000", "0.08992000"], ["84157.20000000", "0.06445000"], ["84157.91000000", "0.00000000"], ["84189.29000000", "0.02378000"], ["85393.95000000", "0.00100000"]], "record_time": 1742554943.0564, "EXCHANGE": "BINANCE"}
{"e": "depthUpdate", "E": 1742554944014, "s": "BTCUSDT", "U": 64606998436, "u": 64607000289, "b": [["84131.96000000", "0.00000000"], ["84131.95000000", "0.00000000"], ["84131.89000000", "0.00000000"], ["84131.88000000", "0.00000000"], ["84131.87000000", "0.00000000"], ["84131.81000000", "0.00000000"], ["84131.80000000", "0.00000000"], ["84131.67000000", "0.00000000"], ["84131.66000000", "0.00000000"], ["84131.12000000", "0.00000000"], ["84130.34000000", "0.00000000"], ["84130.33000000", "0.00000000"], ["84130.24000000", "0.00000000"], ["84130.23000000", "0.00000000"], ["84130.21000000", "0.00000000"], ["84130.20000000", "0.00000000"], ["84130.00000000", "0.00000000"], ["84129.64000000", "0.00000000"], ["84128.73000000", "0.00000000"], ["84128.55000000", "0.00000000"], ["84128.44000000", "0.00000000"], ["84128.43000000", "0.00000000"], ["84128.06000000", "0.00000000"], ["84128.05000000", "0.00000000"], ["84128.04000000", "0.00000000"], ["84128.00000000", "0.00000000"], ["84127.95000000", "0.00000000"], ["84127.36000000", "0.00000000"], ["84127.35000000", "0.00000000"], ["84127.34000000", "0.00000000"], ["84127.11000000", "0.00000000"], ["84126.63000000", "0.00000000"], ["84126.49000000", "0.00000000"], ["84126.27000000", "0.00000000"], ["84126.26000000", "0.00000000"], ["84126.00000000", "0.00000000"], ["84125.95000000", "0.00000000"], ["84125.84000000", "0.00000000"], ["84125.57000000", "0.00000000"], ["84125.40000000", "0.00000000"], ["84125.39000000", "0.10248000"], ["84125.38000000", "0.00015000"], ["84125.33000000", "0.00010000"], ["84125.32000000", "0.00007000"], ["84125.24000000", "0.00000000"], ["84125.07000000", "0.00007000"], ["84124.92000000", "0.00007000"], ["84124.58000000", "0.00007000"], ["84124.40000000", "0.00000000"], ["84124.33000000", "0.00000000"], ["84124.12000000", "0.00021000"], ["84124.11000000", "0.00764000"], ["84124.01000000", "0.00021000"], ["84124.00000000", "0.00000000"], ["84123.89000000", "0.00014000"], ["84123.88000000", "0.08307000"], ["84123.55000000", "0.00000000"], ["84123.47000000", "0.00000000"], ["84123.44000000", "0.00000000"], ["84123.13000000", "0.00000000"], ["84123.12000000", "0.00000000"], ["84122.72000000", "0.00000000"], ["84122.65000000", "0.00014000"], ["84122.64000000", "0.07740000"], ["84122.30000000", "0.00091000"], ["84122.19000000", "0.00000000"], ["84122.00000000", "0.00000000"], ["84121.80000000", "0.00000000"], ["84121.79000000", "0.00007000"], ["84121.35000000", "0.00000000"], ["84121.29000000", "0.00000000"], ["84121.10000000", "0.00000000"], ["84120.51000000", "0.00000000"], ["84120.10000000", "0.00000000"], ["84120.00000000", "0.02273000"], ["84119.84000000", "0.02218000"], ["84119.77000000", "0.00000000"], ["84119.62000000", "0.00011000"], ["84119.56000000", "0.00118000"], ["84119.44000000", "0.00000000"], ["84119.35000000", "0.00000000"], ["84119.22000000", "0.00000000"], ["84118.80000000", "0.00000000"], ["84118.64000000", "0.00000000"], ["84118.47000000", "0.00008000"], ["84118.02000000", "0.00000000"], ["84117.97000000", "0.00000000"], ["84117.60000000", "0.00006000"], ["84117.03000000", "0.00000000"], ["84116.71000000", "0.00000000"], ["84116.30000000", "0.00000000"], ["84116.22000000", "0.00000000"], ["84116.20000000", "0.00000000"], ["84116.12000000", "0.00000000"], ["84115.53000000", "0.00000000"], ["84115.32000000", "0.00000000"], ["84114.76000000", "0.00000000"], ["84114.74000000", "0.00000000"], ["84114.47000000", "0.04000000"], ["84114.10000000", "0.00000000"], ["84114.02000000", "0.00000000"], ["84113.40000000", "0.02412000"], ["84113.20000000", "0.00000000"], ["84113.19000000", "0.00000000"], ["84113.18000000", "0.00000000"], ["84113.12000000", "0.00000000"], ["84113.10000000", "0.00000000"], ["84113.02000000", "0.00000000"], ["84112.80000000", "0.00000000"], ["84112.08000000", "0.00000000"], ["84111.80000000", "0.00500000"], ["84111.72000000", "0.00500000"], ["84110.81000000", "0.00000000"], ["84110.80000000", "0.01007000"], ["84110.72000000", "0.01000000"], ["84110.65000000", "0.00000000"], ["84110.52000000", "0.00000000"], ["84110.41000000", "0.00000000"], ["84109.75000000", "0.00000000"], ["84109.65000000", "0.00000000"], ["84108.90000000", "0.35644000"], ["84108.73000000", "0.45000000"], ["84107.66000000", "0.00000000"], ["84107.10000000", "0.00000000"], ["84106.85000000", "0.02000000"], ["84106.72000000", "0.00300000"], ["84106.64000000", "0.00000000"], ["84106.41000000", "0.00000000"], ["84106.29000000", "0.00000000"], ["84106.15000000", "0.04000000"], ["84104.80000000", "0.00000000"], ["84104.73000000", "0.00000000"], ["84104.08000000", "0.00000000"], ["84103.47000000", "0.00000000"], ["84102.70000000", "0.00000000"], ["84102.37000000", "0.00000000"], ["84101.73000000", "0.12153000"], ["84101.71000000", "0.00000000"], ["84101.51000000", "0.89111000"], ["84101.33000000", "0.00000000"], ["84101.31000000", "0.06140000"], ["84100.93000000", "0.00000000"], ["84100.48000000", "0.00000000"], ["84100.40000000", "0.00000000"], ["84099.42000000", "0.05940000"], ["84099.17000000", "0.00476000"], ["84098.11000000", "0.00000000"], ["84097.26000000", "0.00000000"], ["84096.79000000", "0.00000000"], ["84095.80000000", "0.00500000"], ["84095.67000000", "0.89111000"], ["84095.51000000", "0.89111000"], ["84094.36000000", "0.00000000"], ["84094.23000000", "0.00000000"], ["84094.09000000", "0.02805000"], ["84092.70000000", "0.00000000"], ["84091.33000000", "0.00000000"], ["84090.33000000", "0.89117000"], ["84090.19000000", "0.00358000"], ["84089.90000000", "0.00212000"], ["84089.84000000", "0.00000000"], ["84087.47000000", "0.00000000"], ["84087.43000000", "0.45000000"], ["84085.06000000", "0.00000000"], ["84084.47000000", "0.00000000"], ["84083.99000000", "0.00000000"], ["84082.71000000", "0.33708000"], ["84082.24000000", "0.59466000"], ["84080.85000000", "0.00000000"], ["84079.64000000", "0.04942000"], ["84079.16000000", "0.00000000"], ["84078.61000000", "0.30079000"], ["84077.17000000", "0.00000000"], ["84076.79000000", "0.00296000"], ["84074.81000000", "0.00000000"], ["84070.88000000", "0.00000000"], ["84070.11000000", "0.00000000"], ["84068.48000000", "0.00000000"], ["84068.37000000", "0.66115000"], ["84067.19000000", "0.05947000"], ["84066.67000000", "0.00000000"], ["84066.37000000", "0.00296000"], ["84064.98000000", "0.00000000"], ["84063.82000000", "0.02853000"], ["84061.55000000", "0.00000000"], ["84056.54000000", "0.00358000"], ["84051.65000000", "0.00000000"], ["84041.90000000", "0.00000000"], ["84038.66000000", "0.00212000"], ["84037.07000000", "0.00000000"], ["84034.24000000", "0.00000000"], ["84004.67000000", "0.00000000"], ["84002.59000000", "0.00000000"], ["84000.18000000", "0.00183000"], ["83996.89000000", "0.00000000"], ["83992.74000000", "0.00118000"], ["83987.02000000", "0.05497000"], ["83982.36000000", "0.00118000"], ["83980.65000000", "0.00006000"], ["83959.80000000", "0.01000000"], ["83953.83000000", "0.00000000"], ["83947.80000000", "0.00400000"], ["83920.59000000", "0.00000000"], ["83917.49000000", "0.00000000"], ["83910.65000000", "0.00218000"], ["83860.60000000", "0.45007000"], ["83003.26000000", "0.40000000"], ["82994.90000000", "0.00000000"], ["82869.98000000", "0.00100000"], ["80730.96000000", "0.00000000"], ["80714.10000000", "0.03566000"], ["79900.00000000", "5.57490000"], ["75718.76000000", "0.00025000"], ["75718.00000000", "0.00000000"], ["67305.57000000", "0.00000000"], ["67301.88000000", "0.00058000"], ["66885.78000000", "0.00082000"], ["33000.00000000", "2.93827000"]], "a": [["84125.40000000", "5.46903000"], ["84125.41000000", "0.00000000"], ["84125.58000000", "2.57780000"], ["84125.85000000", "0.00000000"], ["84126.00000000", "0.02266000"], ["84126.01000000", "0.00000000"], ["84126.27000000", "0.00000000"], ["84126.28000000", "0.00000000"], ["84126.50000000", "0.00000000"], ["84126.64000000", "0.12066000"], ["84127.11000000", "0.00000000"], ["84127.12000000", "0.17586000"], ["84127.35000000", "0.00000000"], ["84127.36000000", "0.64304000"], ["84127.53000000", "0.00000000"], ["84127.84000000", "0.00000000"], ["84127.89000000", "0.00202000"], ["84127.93000000", "0.01000000"], ["84127.96000000", "0.00000000"], ["84128.00000000", "0.02266000"], ["84128.01000000", "0.00000000"], ["84128.05000000", "0.00000000"], ["84128.06000000", "0.00000000"], ["84128.07000000", "0.00000000"], ["84128.44000000", "0.00000000"], ["84128.45000000", "0.00000000"], ["84128.56000000", "0.00000000"], ["84128.62000000", "0.00000000"], ["84128.69000000", "0.00000000"], ["84128.73000000", "2.46381000"], ["84128.74000000", "0.02006000"], ["84129.03000000", "0.00000000"], ["84129.65000000", "0.00000000"], ["84129.89000000", "0.00000000"], ["84129.91000000", "0.00000000"], ["84129.92000000", "0.00000000"], ["84129.96000000", "0.00000000"], ["84130.00000000", "0.02273000"], ["84130.01000000", "0.00000000"], ["84130.21000000", "0.00000000"], ["84130.23000000", "0.00000000"], ["84130.24000000", "0.00000000"], ["84130.25000000", "0.00000000"], ["84130.34000000", "0.00000000"], ["84130.35000000", "0.21408000"], ["84130.51000000", "0.00000000"], ["84130.72000000", "0.00000000"], ["84130.97000000", "0.00000000"], ["84130.99000000", "0.04817000"], ["84131.03000000", "0.00000000"], ["84131.04000000", "0.00000000"], ["84131.12000000", "0.00000000"], ["84131.13000000", "0.03580000"], ["84131.39000000", "0.00000000"], ["84131.57000000", "0.00118000"], ["84131.67000000", "0.00000000"], ["84131.68000000", "0.00000000"], ["84131.81000000", "0.00000000"], ["84131.82000000", "0.00000000"], ["84131.87000000", "0.00000000"], ["84131.88000000", "0.00000000"], ["84131.89000000", "0.00000000"], ["84131.90000000", "0.00000000"], ["84131.96000000", "0.00000000"], ["84131.97000000", "0.72921000"], ["84131.98000000", "0.00042000"], ["84132.00000000", "0.02260000"], ["84132.06000000", "0.00000000"], ["84132.07000000", "0.00000000"], ["84132.08000000", "0.00000000"], ["84132.09000000", "0.00000000"], ["84132.26000000", "0.00000000"], ["84132.85000000", "0.00000000"], ["84132.86000000", "0.00000000"], ["84132.87000000", "0.32335000"], ["84133.01000000", "0.00000000"], ["84133.46000000", "0.08992000"], ["84133.49000000", "0.30251000"], ["84133.55000000", "0.00000000"], ["84133.56000000", "0.00000000"], ["84133.64000000", "0.00000000"], ["84133.72000000", "0.00000000"], ["84133.77000000", "0.00000000"], ["84133.86000000", "0.02352000"], ["84134.05000000", "0.00000000"], ["84134.08000000", "0.00000000"], ["84134.25000000", "0.00000000"], ["84134.36000000", "0.89111000"], ["84134.39000000", "0.00000000"], ["84134.89000000", "0.00000000"], ["84134.92000000", "0.00000000"], ["84135.29000000", "0.00000000"], ["84135.32000000", "0.00000000"], ["84135.50000000", "0.00000000"], ["84135.72000000", "0.00000000"], ["84136.09000000", "0.00058000"], ["84136.16000000", "0.00000000"], ["84136.20000000", "0.00500000"], ["84136.64000000", "0.00000000"], ["84137.28000000", "0.00000000"], ["84137.96000000", "0.00000000"], ["84138.51000000", "0.00000000"], ["84138.69000000", "0.00000000"], ["84139.90000000", "0.35644000"], ["84139.94000000", "0.59466000"], ["84139.97000000", "0.00000000"], ["84139.98000000", "0.89111000"], ["84140.05000000", "0.00118000"], ["84140.26000000", "0.89111000"], ["84140.30000000", "0.05940000"], ["84141.98000000", "0.00000000"], ["84143.44000000", "0.08992000"], ["84144.18000000", "0.05940000"], ["84144.58000000", "0.00000000"], ["84144.93000000", "0.00000000"], ["84146.58000000", "0.00000000"], ["84146.72000000", "0.00000000"], ["84147.31000000", "0.00000000"], ["84149.91000000", "0.85602000"], ["84150.05000000", "0.05940000"], ["84150.90000000", "0.00000000"], ["84152.59000000", "0.00000000"], ["84153.98000000", "0.00000000"], ["84154.07000000", "0.00000000"], ["84155.78000000", "0.00000000"], ["84157.14000000", "0.00758000"], ["84157.20000000", "0.00505000"], ["84157.72000000", "0.00000000"], ["84160.08000000", "0.00000000"], ["84160.28000000", "0.00000000"], ["84160.47000000", "0.00000000"], ["84161.85000000", "0.00000000"], ["84161.99000000", "0.00000000"], ["84162.92000000", "0.00084000"], ["84162.93000000", "0.02802000"], ["84164.33000000", "0.03609000"], ["84165.19000000", "0.00000000"], ["84165.70000000", "0.00000000"], ["84166.09000000", "0.00000000"], ["84166.44000000", "0.00000000"], ["84167.25000000", "0.00358000"], ["84168.00000000", "0.00016000"], ["84170.19000000", "0.35644000"], ["84171.23000000", "0.00000000"], ["84176.78000000", "0.00000000"], ["84179.65000000", "0.00000000"], ["84184.72000000", "0.00000000"], ["84195.90000000", "0.00000000"], ["84200.90000000", "0.00358000"], ["84203.78000000", "0.12827000"], ["84208.49000000", "0.04344000"], ["84221.99000000", "0.00296000"], ["84223.68000000", "0.00000000"], ["84225.89000000", "0.00000000"], ["84232.39000000", "0.00000000"], ["84263.16000000", "0.00000000"], ["84303.41000000", "0.99147000"], ["84303.61000000", "0.00012000"], ["85035.49000000", "0.00000000"], ["85043.92000000", "0.60000000"], ["85393.95000000", "0.00000000"], ["150001.00000000", "0.00084000"]], "record_time": 1742554944.048647, "EXCHANGE": "BINANCE"}
{"e": "depthUpdate", "E": 1742554945014, "s": "BTCUSDT", "U": 64607000290, "u": 64607004008, "b": [["84125.39000000", "0.00000000"], ["84125.38000000", "0.00000000"], ["84125.33000000", "0.00000000"], ["84125.32000000", "0.00000000"], ["84125.07000000", "0.00000000"], ["84124.92000000", "0.00000000"], ["84124.58000000", "0.00000000"], ["84124.12000000", "0.00000000"], ["84124.11000000", "0.00000000"], ["84124.10000000", "0.00000000"], ["84124.04000000", "0.00000000"], ["84124.01000000", "0.00000000"], ["84123.89000000", "0.00000000"], ["84123.88000000", "0.00000000"], ["84123.74000000", "0.00000000"], ["84123.45000000", "0.00000000"], ["84123.38000000", "0.00000000"], ["84122.66000000", "0.00000000"], ["84122.65000000", "0.00000000"], ["84122.64000000", "0.00000000"], ["84122.30000000", "0.00000000"], ["84122.25000000", "0.00000000"], ["84122.22000000", "0.00000000"], ["84122.11000000", "0.00000000"], ["84122.05000000", "0.00000000"], ["84121.81000000", "0.00000000"], ["84121.79000000", "0.00000000"], ["84121.46000000", "0.00000000"], ["84121.36000000", "0.00000000"], ["84121.30000000", "0.00000000"], ["84120.79000000", "0.00000000"], ["84120.78000000", "0.00000000"], ["84120.59000000", "0.00000000"], ["84120.58000000", "0.00000000"], ["84120.10000000", "0.00000000"], ["84120.00000000", "0.00000000"], ["84119.88000000", "0.00000000"], ["84119.87000000", "0.00000000"], ["84119.85000000", "0.00000000"], ["84119.84000000", "0.00000000"], ["84119.79000000", "0.00000000"], ["84119.78000000", "0.00000000"], ["84119.62000000", "0.00000000"], ["84119.56000000", "0.00000000"], ["84119.51000000", "0.00000000"], ["84119.49000000", "0.00000000"], ["84118.83000000", "0.00000000"], ["84118.82000000", "0.00000000"], ["84118.70000000", "0.00000000"], ["84118.63000000", "0.00000000"], ["84118.55000000", "0.00000000"], ["84118.47000000", "0.00000000"], ["84118.11000000", "0.00000000"], ["84118.05000000", "0.00000000"], ["84118.02000000", "0.00000000"], ["84118.01000000", "0.00000000"], ["84118.00000000", "0.00000000"], ["84117.74000000", "0.00000000"], ["84117.73000000", "0.00000000"], ["84117.60000000", "0.00000000"], ["84117.46000000", "0.00000000"], ["84117.23000000", "0.00000000"], ["84116.97000000", "0.00000000"], ["84116.61000000", "0.00000000"], ["84116.54000000", "0.00000000"], ["84116.00000000", "0.00000000"], ["84115.82000000", "0.00000000"], ["84115.81000000", "0.00000000"], ["84115.75000000", "0.00000000"], ["84115.14000000", "0.00000000"], ["84114.96000000", "0.00000000"], ["84114.89000000", "0.00000000"], ["84114.88000000", "0.00000000"], ["84114.79000000", "0.00000000"], ["84114.76000000", "0.00000000"], ["84114.75000000", "0.00000000"], ["84114.58000000", "0.00000000"], ["84114.57000000", "0.00000000"], ["84114.50000000", "0.00000000"], ["84114.47000000", "0.00000000"], ["84114.45000000", "0.00000000"], ["84114.44000000", "0.00000000"], ["84114.43000000", "0.00000000"], ["84114.37000000", "0.00000000"], ["84114.36000000", "0.00000000"], ["84114.01000000", "0.00000000"], ["84114.00000000", "0.00000000"], ["84113.71000000", "0.00000000"], ["84113.40000000", "0.00000000"], ["84113.10000000", "0.00000000"], ["84112.82000000", "0.00000000"], ["84112.81000000", "0.00000000"], ["84112.78000000", "0.00000000"], ["84112.66000000", "0.00000000"], ["84112.58000000", "0.00000000"], ["84112.30000000", "0.00000000"], ["84112.23000000", "0.00000000"], ["84112.01000000", "0.00000000"], ["84112.00000000", "0.00000000"], ["84111.82000000", "0.00000000"], ["84111.80000000", "0.00000000"], ["84111.76000000", "0.00000000"], ["84111.73000000", "0.00000000"], ["84111.72000000", "0.00000000"], ["84111.66000000", "0.00000000"], ["84111.61000000", "0.00000000"], ["84111.51000000", "0.00000000"], ["84111.50000000", "0.00000000"], ["84111.48000000", "0.00000000"], ["84111.45000000", "0.00000000"], ["84111.44000000", "2.80438000"], ["84111.43000000", "0.00064000"], ["84111.37000000", "0.00000000"], ["84111.36000000", "0.00000000"], ["84111.19000000", "0.00000000"], ["84111.16000000", "0.00000000"], ["84111.15000000", "0.00000000"], ["84111.12000000", "0.00139000"], ["84111.08000000", "0.00021000"], ["84111.07000000", "0.02576000"], ["84111.06000000", "0.00007000"], ["84111.05000000", "0.00007000"], ["84110.99000000", "0.00044000"], ["84110.95000000", "0.00000000"], ["84110.80000000", "0.00000000"], ["84110.72000000", "0.00000000"], ["84110.54000000", "0.00000000"], ["84110.53000000", "0.00000000"], ["84110.47000000", "0.00000000"], ["84110.18000000", "0.00000000"], ["84110.11000000", "0.00000000"], ["84110.02000000", "0.00000000"], ["84110.01000000", "0.00014000"], ["84110.00000000", "0.02273000"], ["84109.91000000", "0.00000000"], ["84109.86000000", "0.00000000"], ["84109.78000000", "0.00000000"], ["84109.77000000", "0.00000000"], ["84109.70000000", "0.00000000"], ["84109.63000000", "0.00000000"], ["84109.55000000", "0.00000000"], ["84109.34000000", "0.00000000"], ["84109.31000000", "0.00000000"], ["84109.27000000", "0.00000000"], ["84109.20000000", "0.00000000"], ["84108.99000000", "0.00000000"], ["84108.94000000", "0.00014000"], ["84108.93000000", "0.09447000"], ["84108.90000000", "0.00000000"], ["84108.84000000", "0.00000000"], ["84108.82000000", "0.00000000"], ["84108.78000000", "0.00000000"], ["84108.73000000", "0.00000000"], ["84108.71000000", "0.00029000"], ["84108.70000000", "0.00287000"], ["84108.69000000", "0.00016000"], ["84108.56000000", "0.00000000"], ["84108.43000000", "0.00000000"], ["84108.20000000", "0.00000000"], ["84108.12000000", "0.00000000"], ["84108.00000000", "0.00000000"], ["84107.92000000", "0.00000000"], ["84107.88000000", "0.00000000"], ["84107.87000000", "0.02410000"], ["84107.86000000", "0.02388000"], ["84107.70000000", "0.00007000"], ["84107.67000000", "0.00000000"], ["84107.57000000", "0.00000000"], ["84107.25000000", "0.02205000"], ["84107.12000000", "0.00014000"], ["84107.11000000", "0.22505000"], ["84106.90000000", "0.00000000"], ["84106.88000000", "0.00029000"], ["84106.85000000", "0.00000000"], ["84106.82000000", "0.00000000"], ["84106.73000000", "0.00000000"], ["84106.48000000", "0.00000000"], ["84106.45000000", "0.00000000"], ["84106.42000000", "0.00000000"], ["84106.27000000", "0.00000000"], ["84106.15000000", "0.00000000"], ["84106.07000000", "0.00000000"], ["84106.03000000", "0.00000000"], ["84106.00000000", "0.02260000"], ["84105.57000000", "0.00000000"], ["84105.54000000", "0.00000000"], ["84105.13000000", "0.02336000"], ["84105.11000000", "0.00000000"], ["84105.02000000", "0.00000000"], ["84104.85000000", "0.00000000"], ["84104.75000000", "0.00000000"], ["84104.72000000", "0.01188000"], ["84104.60000000", "0.00000000"], ["84104.57000000", "0.00000000"], ["84104.56000000", "0.00000000"], ["84104.51000000", "0.00000000"], ["84104.48000000", "0.00000000"], ["84104.42000000", "0.00000000"], ["84104.02000000", "0.00011000"], ["84103.63000000", "0.00000000"], ["84103.41000000", "0.00007000"], ["84103.40000000", "0.89111000"], ["84103.36000000", "0.00000000"], ["84103.20000000", "0.08000000"], ["84102.99000000", "0.04817000"], ["84102.68000000", "0.34598000"], ["84102.65000000", "0.16221000"], ["84102.55000000", "0.00000000"], ["84101.97000000", "0.00000000"], ["84101.88000000", "0.00078000"], ["84101.85000000", "0.00000000"], ["84101.80000000", "0.00000000"], ["84101.78000000", "0.00092000"], ["84101.75000000", "0.00208000"], ["84101.73000000", "0.00000000"], ["84101.67000000", "0.00000000"], ["84101.60000000", "0.00015000"], ["84101.59000000", "0.04000000"], ["84101.51000000", "0.00000000"], ["84101.31000000", "0.00000000"], ["84101.27000000", "0.00000000"], ["84101.20000000", "0.00091000"], ["84101.14000000", "0.00000000"], ["84101.06000000", "0.00000000"], ["84100.80000000", "0.02403000"], ["84100.77000000", "0.00000000"], ["84100.75000000", "0.04000000"], ["84100.67000000", "0.00000000"], ["84100.59000000", "0.00000000"], ["84100.47000000", "0.00000000"], ["84100.45000000", "0.00000000"], ["84100.39000000", "0.00000000"], ["84100.38000000", "0.00000000"], ["84100.28000000", "0.00000000"], ["84100.27000000", "0.00000000"], ["84100.25000000", "0.59407000"], ["84100.21000000", "0.00000000"], ["84100.15000000", "0.00300000"], ["84099.87000000", "0.00000000"], ["84099.84000000", "0.04000000"], ["84099.52000000", "0.00095000"], ["84099.42000000", "0.00000000"], ["84099.41000000", "0.00000000"], ["84099.17000000", "0.00000000"], ["84099.08000000", "0.00000000"], ["84099.06000000", "0.00000000"], ["84098.91000000", "0.00000000"], ["84098.90000000", "0.00000000"], ["84098.84000000", "0.00414000"], ["84098.83000000", "0.01189000"], ["84098.37000000", "0.04000000"], ["84098.10000000", "0.03000000"], ["84097.89000000", "0.10701000"], ["84097.76000000", "0.00059000"], ["84097.75000000", "0.85761000"], ["84097.74000000", "0.45000000"], ["84097.70000000", "0.01188000"], ["84097.52000000", "0.71284000"], ["84097.51000000", "0.00000000"], ["84097.50000000", "0.00000000"], ["84097.39000000", "0.04000000"], ["84097.26000000", "0.47526000"], ["84096.94000000", "0.00000000"], ["84096.55000000", "0.04000000"], ["84095.99000000", "0.00000000"], ["84095.97000000", "0.16019000"], ["84095.72000000", "0.04000000"], ["84095.70000000", "0.04000000"], ["84095.67000000", "0.00000000"], ["84095.63000000", "0.04000000"], ["84095.51000000", "0.00000000"], ["84095.47000000", "0.00007000"], ["84095.28000000", "0.00000000"], ["84095.19000000", "0.00118000"], ["84094.65000000", "0.06000000"], ["84094.22000000", "0.86413000"], ["84094.09000000", "0.00000000"], ["84093.82000000", "0.00000000"], ["84093.23000000", "0.00000000"], ["84093.07000000", "0.78522000"], ["84092.98000000", "0.00000000"], ["84092.85000000", "0.08000000"], ["84092.46000000", "0.00000000"], ["84092.45000000", "0.00000000"], ["84092.34000000", "0.35644000"], ["84090.92000000", "0.29027000"], ["84090.78000000", "0.89111000"], ["84090.33000000", "0.00006000"], ["84090.31000000", "0.00000000"], ["84090.22000000", "0.00000000"], ["84090.19000000", "0.00000000"], ["84089.98000000", "0.11734000"], ["84089.94000000", "0.00000000"], ["84089.90000000", "0.00000000"], ["84089.89000000", "0.00000000"], ["84089.87000000", "0.37671000"], ["84089.83000000", "0.00000000"], ["84089.35000000", "0.00059000"], ["84089.14000000", "0.00000000"], ["84088.85000000", "0.01188000"], ["84088.77000000", "0.00000000"], ["84088.76000000", "0.00582000"], ["84088.39000000", "0.00000000"], ["84088.19000000", "0.00000000"], ["84088.08000000", "0.00000000"], ["84087.99000000", "0.79169000"], ["84087.66000000", "0.00000000"], ["84086.86000000", "1.38138000"], ["84086.81000000", "0.02805000"], ["84086.78000000", "0.00000000"], ["84085.71000000", "0.00000000"], ["84085.68000000", "0.16000000"], ["84085.42000000", "0.00355000"], ["84085.40000000", "0.00000000"], ["84085.05000000", "0.00000000"], ["84084.91000000", "0.00000000"], ["84084.89000000", "0.29545000"], ["84084.88000000", "0.00000000"], ["84084.56000000", "0.00000000"], ["84084.36000000", "0.89111000"], ["84084.35000000", "0.89111000"], ["84084.26000000", "0.00000000"], ["84084.17000000", "0.89111000"], ["84084.15000000", "0.00000000"], ["84084.11000000", "0.00000000"], ["84084.02000000", "0.00000000"], ["84083.90000000", "0.00000000"], ["84083.82000000", "0.89111000"], ["84083.40000000", "0.04000000"], ["84082.56000000", "0.08000000"], ["84082.24000000", "0.00000000"], ["84082.23000000", "0.00000000"], ["84082.04000000", "0.00013000"], ["84081.97000000", "0.00000000"], ["84081.95000000", "0.00000000"], ["84081.92000000", "0.00000000"], ["84081.63000000", "0.00016000"], ["84081.59000000", "0.89111000"], ["84080.84000000", "0.00000000"], ["84080.53000000", "0.00000000"], ["84080.34000000", "0.00000000"], ["84079.99000000", "0.00000000"], ["84079.73000000", "0.89111000"], ["84079.69000000", "0.89111000"], ["84079.64000000", "0.00000000"], ["84079.16000000", "0.00212000"], ["84079.15000000", "0.00000000"], ["84079.01000000", "0.00000000"], ["84078.61000000", "0.00000000"], ["84078.53000000", "0.41059000"], ["84078.49000000", "0.00000000"], ["84078.48000000", "0.00000000"], ["84078.15000000", "0.00000000"], ["84078.09000000", "0.03855000"], ["84078.04000000", "0.00000000"], ["84077.87000000", "0.00000000"], ["84077.86000000", "0.04636000"], ["84077.85000000", "0.98426000"], ["84077.71000000", "0.00000000"], ["84077.18000000", "0.00000000"], ["84077.08000000", "0.31355000"], ["84076.79000000", "0.00000000"], ["84076.78000000", "0.04636000"], ["84076.29000000", "0.00000000"], ["84076.28000000", "0.00594000"], ["84076.09000000", "0.00000000"], ["84075.79000000", "0.00118000"], ["84075.37000000", "0.10994000"], ["84074.59000000", "0.00000000"], ["84074.58000000", "0.16491000"], ["84074.39000000", "0.89111000"], ["84074.10000000", "0.85679000"], ["84073.99000000", "0.00358000"], ["84073.91000000", "0.00000000"], ["84073.90000000", "0.00000000"], ["84073.37000000", "0.10394000"], ["84073.16000000", "0.00000000"], ["84073.15000000", "0.00000000"], ["84073.13000000", "0.00000000"], ["84073.12000000", "0.00000000"], ["84073.05000000", "0.00000000"], ["84072.65000000", "0.05197000"], ["84072.05000000", "0.00000000"], ["84070.87000000", "0.00118000"], ["84070.62000000", "0.25128000"], ["84070.59000000", "0.00000000"], ["84069.19000000", "0.05902000"], ["84068.86000000", "0.00000000"], ["84068.47000000", "0.00000000"], ["84068.38000000", "0.59476000"], ["84068.37000000", "0.62017000"], ["84067.26000000", "0.85686000"], ["84067.19000000", "0.00000000"], ["84066.37000000", "0.00000000"], ["84066.36000000", "0.00000000"], ["84065.50000000", "0.00000000"], ["84063.22000000", "0.00296000"], ["84063.21000000", "0.85690000"], ["84063.18000000", "0.10394000"], ["84062.76000000", "0.00000000"], ["84062.75000000", "0.00000000"], ["84062.05000000", "0.30079000"], ["84061.31000000", "0.05297000"], ["84061.30000000", "0.71284000"], ["84059.53000000", "0.04942000"], ["84059.37000000", "0.00000000"], ["84059.03000000", "0.00000000"], ["84058.14000000", "0.00000000"], ["84056.54000000", "0.00000000"], ["84056.23000000", "0.00118000"], ["84055.85000000", "0.00000000"], ["84055.43000000", "0.00000000"], ["84055.12000000", "0.00805000"], ["84054.86000000", "0.47526000"], ["84054.43000000", "0.14891000"], ["84054.04000000", "0.17822000"], ["84053.79000000", "0.00297000"], ["84052.01000000", "0.00000000"], ["84051.90000000", "0.45058000"], ["84051.68000000", "0.59407000"], ["84050.38000000", "0.00000000"], ["84048.59000000", "0.00000000"], ["84047.86000000", "0.00000000"], ["84047.58000000", "0.00000000"], ["84046.83000000", "0.00820000"], ["84046.64000000", "0.00826000"], ["84046.35000000", "0.00000000"], ["84045.44000000", "0.00859000"], ["84044.56000000", "0.00298000"], ["84044.06000000", "0.00000000"], ["84042.14000000", "0.00000000"], ["84041.36000000", "0.00000000"], ["84041.15000000", "0.00000000"], ["84040.85000000", "0.00000000"], ["84040.34000000", "0.00358000"], ["84039.17000000", "0.00000000"], ["84039.09000000", "0.52518000"], ["84038.66000000", "0.00000000"], ["84038.54000000", "0.00000000"], ["84037.47000000", "0.04000000"], ["84036.37000000", "0.00000000"], ["84036.24000000", "0.00000000"], ["84036.05000000", "0.00000000"], ["84035.72000000", "0.00000000"], ["84034.33000000", "0.00000000"], ["84033.60000000", "0.03574000"], ["84030.76000000", "0.00009000"], ["84030.07000000", "0.50258000"], ["84028.68000000", "0.00000000"], ["84026.36000000", "1.12465000"], ["84026.09000000", "0.05227000"], ["84024.23000000", "0.00212000"], ["84023.39000000", "0.00144000"], ["84023.38000000", "0.00000000"], ["84023.16000000", "0.03174000"], ["84022.61000000", "0.00000000"], ["84022.36000000", "0.04754000"], ["84022.35000000", "0.00000000"], ["84022.12000000", "0.00000000"], ["84020.45000000", "0.12503000"], ["84018.09000000", "0.12044000"], ["84017.51000000", "0.05496000"], ["84016.87000000", "0.14487000"], ["84015.62000000", "0.05496000"], ["84015.61000000", "0.04635000"], ["84015.51000000", "0.07728000"], ["84015.18000000", "0.05097000"], ["84015.17000000", "0.04636000"], ["84014.45000000", "0.43086000"], ["84014.23000000", "0.05111000"], ["84013.98000000", "0.09271000"], ["84013.95000000", "0.00000000"], ["84013.76000000", "0.09391000"], ["84013.61000000", "0.01196000"], ["84012.90000000", "0.10132000"], ["84012.89000000", "0.09270000"], ["84012.26000000", "0.14368000"], ["84012.18000000", "0.05296000"], ["84012.17000000", "0.24037000"], ["84010.95000000", "0.04635000"], ["84010.86000000", "0.16066000"], ["84010.48000000", "0.04754000"], ["84010.47000000", "0.04635000"], ["84010.20000000", "0.04635000"], ["84010.14000000", "0.04636000"], ["84009.48000000", "0.10252000"], ["84008.64000000", "0.04636000"], ["84008.12000000", "0.05097000"], ["84007.98000000", "0.04636000"], ["84007.93000000", "0.05496000"], ["84007.92000000", "0.05296000"], ["84007.55000000", "0.04636000"], ["84007.36000000", "0.04636000"], ["84006.47000000", "0.00000000"], ["84005.44000000", "0.04636000"], ["84005.42000000", "0.05496000"], ["84005.11000000", "0.05496000"], ["84005.06000000", "0.05296000"], ["84004.85000000", "0.05097000"], ["84004.64000000", "0.04636000"], ["84003.93000000", "0.05496000"], ["84002.15000000", "0.05296000"], ["84002.10000000", "0.05496000"], ["84001.56000000", "0.05496000"], ["84001.04000000", "0.04636000"], ["84000.18000000", "0.00000000"], ["83999.81000000", "0.05097000"], ["83999.70000000", "0.05296000"], ["83999.64000000", "0.05496000"], ["83999.62000000", "0.05096000"], ["83999.32000000", "0.04636000"], ["83999.22000000", "0.04097000"], ["83999.00000000", "0.05496000"], ["83998.81000000", "0.05196000"], ["83998.72000000", "0.00013000"], ["83997.20000000", "0.05096000"], ["83997.06000000", "0.04712000"], ["83996.99000000", "0.00000000"], ["83996.70000000", "0.05496000"], ["83996.54000000", "0.05096000"], ["83996.49000000", "0.04636000"], ["83996.31000000", "0.05097000"], ["83996.25000000", "0.05196000"], ["83996.24000000", "0.05496000"], ["83995.87000000", "0.05496000"], ["83995.69000000", "0.05496000"], ["83995.34000000", "0.05296000"], ["83995.17000000", "0.00000000"], ["83993.96000000", "0.05096000"], ["83993.94000000", "0.04636000"], ["83993.82000000", "0.04097000"], ["83993.69000000", "0.05196000"], ["83993.42000000", "0.05097000"], ["83993.21000000", "0.04097000"], ["83992.74000000", "0.00000000"], ["83992.70000000", "0.04897000"], ["83992.17000000", "0.05296000"], ["83991.69000000", "0.05196000"], ["83991.24000000", "0.10094000"], ["83990.89000000", "0.05097000"], ["83988.98000000", "0.05496000"], ["83988.66000000", "0.04206000"], ["83987.94000000", "0.05296000"], ["83987.75000000", "0.04097000"], ["83987.60000000", "0.00183000"], ["83986.10000000", "0.00013000"], ["83985.65000000", "0.04897000"], ["83984.73000000", "0.05497000"], ["83984.63000000", "0.04197000"], ["83984.14000000", "0.05196000"], ["83983.29000000", "0.04197000"], ["83982.49000000", "0.04897000"], ["83982.36000000", "0.00000000"], ["83982.18000000", "0.04097000"], ["83980.28000000", "0.04197000"], ["83979.51000000", "0.00118000"], ["83978.81000000", "0.04197000"], ["83977.34000000", "0.00000000"], ["83974.80000000", "0.12868000"], ["83968.40000000", "0.00118000"], ["83966.39000000", "0.00006000"], ["83959.80000000", "0.00000000"], ["83959.24000000", "0.00000000"], ["83957.75000000", "0.00000000"], ["83956.90000000", "0.00000000"], ["83955.01000000", "0.00000000"], ["83952.94000000", "0.99313000"], ["83952.90000000", "0.00000000"], ["83952.89000000", "0.01524000"], ["83951.41000000", "0.00000000"], ["83949.91000000", "0.00000000"], ["83949.01000000", "0.00000000"], ["83948.32000000", "0.01000000"], ["83947.82000000", "0.00000000"], ["83947.80000000", "0.00000000"], ["83947.42000000", "0.00000000"], ["83936.69000000", "0.00000000"], ["83930.12000000", "0.00000000"], ["83920.59000000", "0.00063000"], ["83916.32000000", "0.07256000"], ["83910.65000000", "0.00000000"], ["83910.10000000", "0.07219000"], ["83909.49000000", "0.00000000"], ["83907.91000000", "0.05441000"], ["83901.69000000", "0.05481000"], ["83901.18000000", "0.00000000"], ["83901.08000000", "0.00000000"], ["83899.51000000", "0.00218000"], ["83899.50000000", "0.06793000"], ["83891.61000000", "0.06793000"], ["83888.06000000", "0.00013000"], ["83883.86000000", "0.00013000"], ["83881.84000000", "0.00000000"], ["83879.66000000", "0.00013000"], ["83875.46000000", "0.00013000"], ["83872.04000000", "0.00000000"], ["83869.94000000", "0.00013000"], ["83868.32000000", "0.00400000"], ["83865.74000000", "0.00000000"], ["83865.21000000", "0.00000000"], ["83857.06000000", "0.00000000"], ["83852.95000000", "0.00000000"], ["83844.45000000", "0.00000000"], ["83843.76000000", "0.45000000"], ["83823.39000000", "0.00000000"], ["83823.38000000", "0.00452000"], ["83611.54000000", "0.00000000"], ["83611.50000000", "0.00040000"], ["83436.61000000", "0.00119000"], ["83188.38000000", "0.00000000"], ["83188.37000000", "0.00060000"], ["83183.88000000", "0.00106000"], ["83183.76000000", "0.00040000"], ["82869.98000000", "0.00000000"], ["80714.10000000", "0.00000000"], ["75718.76000000", "0.00000000"], ["75700.00000000", "6.42624000"], ["67301.88000000", "0.00000000"], ["67291.67000000", "0.00000000"], ["67289.16000000", "0.00058000"], ["42097.01000000", "0.00108000"], ["42057.29000000", "0.00027000"], ["42000.00000000", "6.85261000"], ["33000.00000000", "2.93827000"]], "a": [["84111.45000000", "6.92252000"], ["84111.46000000", "0.00040000"], ["84112.01000000", "0.00000000"], ["84112.02000000", "0.00000000"], ["84112.24000000", "0.00000000"], ["84112.46000000", "0.00058000"], ["84112.59000000", "0.00000000"], ["84113.11000000", "0.00014000"], ["84113.12000000", "0.00924000"], ["84113.59000000", "0.00000000"], ["84113.99000000", "0.00014000"], ["84114.00000000", "0.02260000"], ["84114.02000000", "0.00000000"], ["84114.23000000", "0.00014000"], ["84114.24000000", "0.04817000"], ["84114.37000000", "0.00000000"], ["84114.38000000", "0.00000000"], ["84114.48000000", "0.00000000"], ["84114.49000000", "0.00000000"], ["84114.54000000", "0.00014000"], ["84114.55000000", "1.01837000"], ["84114.56000000", "0.00000000"], ["84114.57000000", "0.00006000"], ["84114.58000000", "0.00000000"], ["84114.59000000", "2.22282000"], ["84114.60000000", "0.00000000"], ["84114.61000000", "0.00000000"], ["84114.75000000", "0.00000000"], ["84114.76000000", "0.00000000"], ["84114.96000000", "0.02345000"], ["84114.97000000", "0.00000000"], ["84114.98000000", "0.02373000"], ["84115.15000000", "0.00000000"], ["84115.60000000", "0.00000000"], ["84115.68000000", "0.00000000"], ["84115.81000000", "0.00000000"], ["84115.99000000", "0.00006000"], ["84116.00000000", "0.17745000"], ["84116.01000000", "0.00000000"], ["84116.03000000", "0.00000000"], ["84116.26000000", "0.00000000"], ["84116.38000000", "0.13525000"], ["84116.97000000", "0.00000000"], ["84116.98000000", "0.00000000"], ["84116.99000000", "0.00000000"], ["84117.03000000", "0.00000000"], ["84117.47000000", "0.00000000"], ["84117.71000000", "0.00059000"], ["84117.82000000", "0.00000000"], ["84118.00000000", "0.02260000"], ["84118.01000000", "0.13519000"], ["84118.12000000", "0.00000000"], ["84118.17000000", "0.01188000"], ["84118.71000000", "0.00000000"], ["84118.83000000", "0.04000000"], ["84118.84000000", "0.00000000"], ["84118.92000000", "0.03356000"], ["84119.36000000", "0.00000000"], ["84119.50000000", "0.00000000"], ["84119.51000000", "0.00000000"], ["84119.52000000", "0.17822000"], ["84119.59000000", "0.00000000"], ["84119.63000000", "0.00000000"], ["84119.68000000", "0.04000000"], ["84119.89000000", "0.00000000"], ["84120.00000000", "0.02266000"], ["84120.09000000", "0.00006000"], ["84120.53000000", "0.10000000"], ["84120.58000000", "0.00000000"], ["84120.59000000", "0.00000000"], ["84120.60000000", "0.00000000"], ["84120.61000000", "0.05200000"], ["84120.78000000", "0.00000000"], ["84120.79000000", "0.00000000"], ["84120.80000000", "0.00000000"], ["84120.85000000", "0.00000000"], ["84120.99000000", "0.00000000"], ["84121.02000000", "0.05940000"], ["84121.19000000", "0.00000000"], ["84121.47000000", "0.00000000"], ["84121.80000000", "0.00000000"], ["84121.81000000", "0.04000000"], ["84121.95000000", "0.00013000"], ["84122.00000000", "0.02260000"], ["84122.06000000", "0.38822000"], ["84122.07000000", "0.16000000"], ["84122.12000000", "0.00000000"], ["84122.17000000", "0.15769000"], ["84122.30000000", "0.35968000"], ["84122.39000000", "0.00118000"], ["84122.56000000", "0.00000000"], ["84122.65000000", "0.45000000"], ["84122.66000000", "0.00000000"], ["84122.88000000", "0.00000000"], ["84123.05000000", "0.07600000"], ["84123.31000000", "0.00058000"], ["84123.75000000", "0.00000000"], ["84123.89000000", "0.07200000"], ["84123.90000000", "0.00000000"], ["84123.93000000", "0.00000000"], ["84124.02000000", "0.00000000"], ["84124.03000000", "0.00000000"], ["84124.04000000", "0.00000000"], ["84124.05000000", "0.10964000"], ["84124.06000000", "0.01188000"], ["84124.07000000", "0.00000000"], ["84124.10000000", "0.00000000"], ["84124.11000000", "0.00000000"], ["84124.12000000", "0.01874000"], ["84124.13000000", "0.00000000"], ["84124.14000000", "0.00000000"], ["84124.32000000", "0.00000000"], ["84124.59000000", "0.00000000"], ["84124.65000000", "0.00202000"], ["84124.74000000", "0.06400000"], ["84124.77000000", "0.00000000"], ["84124.81000000", "0.06000000"], ["84124.84000000", "0.06400000"], ["84124.92000000", "0.00013000"], ["84124.93000000", "0.00000000"], ["84124.96000000", "0.00000000"], ["84124.97000000", "0.00000000"], ["84125.04000000", "0.00000000"], ["84125.06000000", "0.08304000"], ["84125.07000000", "0.00000000"], ["84125.08000000", "0.00000000"], ["84125.09000000", "0.00013000"], ["84125.10000000", "0.05940000"], ["84125.13000000", "0.00000000"], ["84125.15000000", "0.00000000"], ["84125.25000000", "0.00000000"], ["84125.30000000", "0.00000000"], ["84125.31000000", "0.00000000"], ["84125.33000000", "0.00000000"], ["84125.34000000", "0.00000000"], ["84125.38000000", "0.00000000"], ["84125.39000000", "0.34848000"], ["84125.40000000", "0.08438000"], ["84125.50000000", "0.89111000"], ["84125.57000000", "0.00000000"], ["84125.58000000", "0.00000000"], ["84126.00000000", "0.02266000"], ["84126.31000000", "0.02377000"], ["84126.64000000", "0.00000000"], ["84126.89000000", "0.00000000"], ["84127.04000000", "0.00000000"], ["84127.06000000", "0.00000000"], ["84127.07000000", "0.00000000"], ["84127.08000000", "0.00000000"], ["84127.12000000", "0.03580000"], ["84127.19000000", "0.00000000"], ["84127.23000000", "0.00000000"], ["84127.36000000", "0.04000000"], ["84127.37000000", "0.01188000"], ["84127.38000000", "0.00000000"], ["84127.52000000", "0.00000000"], ["84127.65000000", "0.00000000"], ["84127.66000000", "0.00009000"], ["84127.89000000", "0.00000000"], ["84127.93000000", "0.00000000"], ["84127.96000000", "0.00000000"], ["84128.00000000", "0.02260000"], ["84128.01000000", "0.00000000"], ["84128.05000000", "0.00000000"], ["84128.06000000", "0.00000000"], ["84128.27000000", "0.05940000"], ["84128.37000000", "0.00000000"], ["84128.44000000", "0.00000000"], ["84128.62000000", "0.00000000"], ["84128.63000000", "0.00000000"], ["84128.70000000", "1.08995000"], ["84128.71000000", "0.00000000"], ["84128.72000000", "0.00000000"], ["84128.73000000", "0.00000000"], ["84128.74000000", "0.00000000"], ["84128.86000000", "0.00138000"], ["84128.93000000", "0.10702000"], ["84129.14000000", "0.05940000"], ["84129.29000000", "0.00013000"], ["84129.65000000", "0.00000000"], ["84129.95000000", "0.00029000"], ["84130.00000000", "0.02260000"], ["84130.02000000", "0.00006000"], ["84130.03000000", "0.85622000"], ["84130.20000000", "0.00006000"], ["84130.34000000", "0.00000000"], ["84130.35000000", "0.21402000"], ["84130.38000000", "0.00000000"], ["84130.96000000", "0.00000000"], ["84130.99000000", "0.00000000"], ["84131.13000000", "0.03580000"], ["84131.14000000", "0.00000000"], ["84131.36000000", "0.89111000"], ["84131.41000000", "0.00059000"], ["84131.57000000", "0.00000000"], ["84131.73000000", "0.00000000"], ["84131.80000000", "0.00000000"], ["84131.81000000", "0.00000000"], ["84131.92000000", "0.67151000"], ["84131.96000000", "0.71284000"], ["84131.97000000", "0.48580000"], ["84131.98000000", "0.00000000"], ["84131.99000000", "0.05943000"], ["84132.12000000", "0.00000000"], ["84132.32000000", "0.00000000"], ["84132.57000000", "0.02377000"], ["84132.82000000", "0.00000000"], ["84132.87000000", "0.91800000"], ["84133.04000000", "0.02377000"], ["84133.49000000", "0.30264000"], ["84133.50000000", "0.00000000"], ["84133.86000000", "0.00000000"], ["84133.99000000", "0.09030000"], ["84134.04000000", "0.85618000"], ["84134.35000000", "0.00000000"], ["84134.40000000", "0.00006000"], ["84134.51000000", "0.05943000"], ["84134.68000000", "0.01188000"], ["84134.72000000", "0.00118000"], ["84134.85000000", "0.05943000"], ["84135.11000000", "0.08304000"], ["84135.55000000", "0.00831000"], ["84135.73000000", "0.89111000"], ["84136.00000000", "0.00000000"], ["84136.09000000", "0.00000000"], ["84136.24000000", "0.00000000"], ["84136.25000000", "0.89111000"], ["84136.73000000", "0.00000000"], ["84136.93000000", "1.72091000"], ["84137.36000000", "0.00000000"], ["84138.01000000", "0.00000000"], ["84138.12000000", "1.38347000"], ["84138.28000000", "0.85614000"], ["84138.66000000", "0.89111000"], ["84139.07000000", "0.00594000"], ["84139.10000000", "0.00000000"], ["84139.48000000", "0.05943000"], ["84139.60000000", "0.47526000"], ["84139.61000000", "0.71284000"], ["84139.72000000", "0.02377000"], ["84139.74000000", "0.85613000"], ["84139.82000000", "0.00059000"], ["84139.90000000", "0.00000000"], ["84139.94000000", "0.00000000"], ["84139.95000000", "0.00006000"], ["84140.05000000", "0.00000000"], ["84140.14000000", "0.00000000"], ["84140.30000000", "0.00000000"], ["84140.78000000", "0.00000000"], ["84140.80000000", "0.00000000"], ["84140.87000000", "0.00000000"], ["84141.30000000", "0.59470000"], ["84141.37000000", "0.03324000"], ["84141.40000000", "0.20427000"], ["84141.62000000", "0.00016000"], ["84141.71000000", "0.00000000"], ["84142.11000000", "0.02377000"], ["84142.22000000", "0.00000000"], ["84142.23000000", "0.00300000"], ["84142.29000000", "0.00000000"], ["84142.42000000", "0.05943000"], ["84142.45000000", "0.29303000"], ["84142.83000000", "0.00000000"], ["84143.22000000", "0.19453000"], ["84143.30000000", "0.00000000"], ["84143.53000000", "0.00000000"], ["84143.96000000", "0.00000000"], ["84144.16000000", "0.00000000"], ["84144.18000000", "0.00000000"], ["84144.97000000", "0.00000000"], ["84144.99000000", "0.00000000"], ["84145.02000000", "0.00000000"], ["84145.08000000", "0.00000000"], ["84145.20000000", "0.00577000"], ["84145.52000000", "0.02971000"], ["84146.09000000", "0.00000000"], ["84146.25000000", "0.05943000"], ["84146.42000000", "0.02971000"], ["84146.60000000", "0.00000000"], ["84146.71000000", "0.00000000"], ["84147.07000000", "0.03567000"], ["84147.31000000", "0.00000000"], ["84147.48000000", "0.00000000"], ["84147.76000000", "0.19421000"], ["84147.89000000", "0.00000000"], ["84148.63000000", "0.00084000"], ["84148.64000000", "0.05943000"], ["84149.05000000", "0.35644000"], ["84149.23000000", "0.00000000"], ["84149.26000000", "0.00000000"], ["84149.91000000", "0.00000000"], ["84149.99000000", "0.00000000"], ["84150.05000000", "0.00000000"], ["84150.15000000", "0.00000000"], ["84150.21000000", "0.00000000"], ["84150.51000000", "0.02802000"], ["84150.62000000", "0.05943000"], ["84151.05000000", "0.00000000"], ["84151.08000000", "0.05943000"], ["84151.53000000", "0.12834000"], ["84151.84000000", "0.02971000"], ["84151.99000000", "0.00820000"], ["84152.52000000", "0.00754000"], ["84153.31000000", "0.05817000"], ["84153.36000000", "0.00000000"], ["84153.62000000", "0.00825000"], ["84153.70000000", "0.00000000"], ["84153.74000000", "0.00358000"], ["84154.37000000", "0.00000000"], ["84154.91000000", "0.00000000"], ["84155.05000000", "0.02971000"], ["84155.06000000", "0.00000000"], ["84156.13000000", "0.05943000"], ["84156.93000000", "0.00000000"], ["84157.11000000", "0.05943000"], ["84157.13000000", "0.00000000"], ["84157.14000000", "0.00000000"], ["84157.20000000", "0.00000000"], ["84157.21000000", "0.00000000"], ["84158.01000000", "0.05943000"], ["84158.18000000", "0.00809000"], ["84158.36000000", "0.00000000"], ["84158.44000000", "0.00000000"], ["84158.76000000", "0.11915000"], ["84158.80000000", "0.00000000"], ["84160.29000000", "0.00000000"], ["84160.97000000", "0.00000000"], ["84161.68000000", "0.02983000"], ["84161.80000000", "0.00000000"], ["84162.29000000", "0.81559000"], ["84162.33000000", "0.00000000"], ["84162.42000000", "0.05943000"], ["84162.82000000", "0.00000000"], ["84162.92000000", "0.00000000"], ["84162.93000000", "0.00000000"], ["84163.81000000", "0.00000000"], ["84163.83000000", "0.00000000"], ["84163.85000000", "0.00000000"], ["84164.32000000", "0.00000000"], ["84164.92000000", "0.00594000"], ["84165.07000000", "0.00863000"], ["84165.15000000", "0.02971000"], ["84165.33000000", "0.59407000"], ["84165.75000000", "0.00000000"], ["84166.18000000", "0.00000000"], ["84166.43000000", "0.00000000"], ["84166.69000000", "0.00000000"], ["84167.25000000", "0.00000000"], ["84167.75000000", "0.02923000"], ["84169.82000000", "0.15540000"], ["84169.96000000", "0.00000000"], ["84170.19000000", "0.00000000"], ["84170.39000000", "0.00000000"], ["84170.74000000", "0.00000000"], ["84170.99000000", "0.01196000"], ["84171.28000000", "0.00000000"], ["84171.77000000", "0.00650000"], ["84172.53000000", "0.00000000"], ["84173.56000000", "0.05943000"], ["84174.00000000", "0.47526000"], ["84174.04000000", "0.00000000"], ["84174.54000000", "0.00000000"], ["84175.60000000", "0.11797000"], ["84175.65000000", "0.00000000"], ["84175.74000000", "0.00000000"], ["84176.02000000", "0.00000000"], ["84176.83000000", "0.00000000"], ["84176.94000000", "0.00000000"], ["84177.21000000", "0.00000000"], ["84177.26000000", "0.00000000"], ["84177.38000000", "0.00000000"], ["84178.18000000", "0.00009000"], ["84180.64000000", "0.00000000"], ["84180.76000000", "0.05200000"], ["84180.99000000", "0.00000000"], ["84181.47000000", "0.00000000"], ["84184.46000000", "0.00000000"], ["84186.87000000", "1.12251000"], ["84187.39000000", "0.00358000"], ["84187.99000000", "0.00000000"], ["84189.17000000", "0.00000000"], ["84189.71000000", "0.50187000"], ["84191.05000000", "0.03198000"], ["84191.29000000", "0.00144000"], ["84191.31000000", "0.20101000"], ["84191.81000000", "0.00298000"], ["84192.80000000", "0.00015000"], ["84194.43000000", "0.05239000"], ["84196.41000000", "0.81147000"], ["84196.42000000", "0.00000000"], ["84197.75000000", "0.00041000"], ["84199.16000000", "0.00000000"], ["84200.90000000", "0.00000000"], ["84203.64000000", "0.00084000"], ["84204.96000000", "0.73322000"], ["84205.63000000", "0.00000000"], ["84207.22000000", "0.00000000"], ["84207.50000000", "0.00000000"], ["84207.56000000", "0.00000000"], ["84207.79000000", "0.00000000"], ["84208.39000000", "0.00297000"], ["84208.40000000", "0.00296000"], ["84210.39000000", "0.00000000"], ["84211.83000000", "0.00000000"], ["84215.95000000", "0.00000000"], ["84221.07000000", "0.00000000"], ["84221.30000000", "0.35782000"], ["84221.99000000", "0.00000000"], ["84224.36000000", "0.00000000"], ["84224.98000000", "0.05496000"], ["84228.47000000", "0.05496000"], ["84232.78000000", "0.00000000"], ["84241.20000000", "0.00000000"], ["84249.62000000", "0.00000000"], ["84251.12000000", "0.00000000"], ["84273.53000000", "0.00035000"], ["84273.86000000", "0.00050000"], ["84281.94000000", "0.00000000"], ["84321.61000000", "0.00000000"], ["84332.42000000", "0.00000000"], ["84340.84000000", "0.00000000"], ["84360.66000000", "0.00000000"], ["84363.64000000", "0.00000000"], ["84366.90000000", "0.00000000"], ["84370.59000000", "0.00000000"], ["84462.00000000", "0.00000000"], ["84955.72000000", "0.00000000"], ["85370.40000000", "0.14081000"], ["85385.99000000", "0.00100000"], ["85391.70000000", "0.05871000"], ["85413.00000000", "0.00036000"], ["94094.36000000", "0.01022000"], ["150001.00000000", "0.00080000"]], "record_time": 1742554945.050597, "EXCHANGE": "BINANCE"}
{"e": "depthUpdate", "E": 1742554946014, "s": "BTCUSDT", "U": 64607004009, "u": 64607004269, "b": [["84111.44000000", "2.65374000"], ["84111.07000000", "0.04914000"], ["84110.99000000", "0.00044000"], ["84110.24000000", "0.00007000"], ["84110.00000000", "0.02273000"], ["84109.77000000", "0.00000000"], ["84108.93000000", "0.09453000"], ["84108.60000000", "0.00000000"], ["84107.87000000", "0.00000000"], ["84107.86000000", "0.02395000"], ["84107.39000000", "0.00011000"], ["84105.13000000", "0.00000000"], ["84105.00000000", "0.02396000"], ["84104.02000000", "0.00000000"], ["84101.78000000", "0.00000000"], ["84101.01000000", "0.00089000"], ["84099.87000000", "0.00000000"], ["84098.83000000", "0.01189000"], ["84098.60000000", "0.00000000"], ["84098.50000000", "0.00000000"], ["84097.89000000", "0.00000000"], ["84095.80000000", "0.00000000"], ["84093.78000000", "0.10701000"], ["84089.60000000", "0.00000000"], ["84089.51000000", "0.03567000"], ["84088.00000000", "0.08304000"], ["84087.99000000", "0.00000000"], ["84086.20000000", "0.00300000"], ["84086.03000000", "1.51324000"], ["84077.86000000", "0.00000000"], ["84077.85000000", "0.00000000"], ["84077.32000000", "0.05071000"], ["84076.78000000", "0.00000000"], ["84075.38000000", "0.59472000"], ["84074.10000000", "0.00000000"], ["84073.14000000", "0.00000000"], ["84072.91000000", "0.04942000"], ["84069.38000000", "0.00059000"], ["84068.38000000", "0.00000000"], ["84063.15000000", "0.00000000"], ["84062.05000000", "0.30079000"], ["84059.53000000", "0.85694000"], ["84055.85000000", "0.59381000"], ["84050.38000000", "0.05948000"], ["84038.37000000", "0.00000000"], ["84037.47000000", "0.00000000"], ["84035.17000000", "0.00597000"], ["84026.91000000", "0.46918000"], ["84026.04000000", "0.00895000"], ["84017.73000000", "0.12784000"], ["84012.90000000", "0.14768000"], ["84011.43000000", "0.04636000"], ["84008.13000000", "0.01194000"], ["83999.67000000", "0.04636000"], ["83994.23000000", "0.01493000"], ["83966.38000000", "0.00000000"], ["83949.60000000", "0.05953000"], ["83885.58000000", "0.00400000"], ["83877.88000000", "0.00000000"], ["83868.32000000", "0.00000000"], ["83836.16000000", "0.00008000"], ["82849.76000000", "0.00100000"], ["75779.41000000", "0.00016000"], ["75700.00000000", "6.42624000"], ["67289.16000000", "0.00058000"], ["42000.00000000", "6.85161000"], ["33000.00000000", "2.93827000"], ["20002.00000000", "0.00000000"], ["20001.00000000", "0.02099000"]], "a": [["84111.45000000", "6.39645000"], ["84112.46000000", "0.00000000"], ["84112.76000000", "0.00000000"], ["84113.11000000", "0.00000000"], ["84113.12000000", "0.00000000"], ["84113.60000000", "0.00000000"], ["84114.00000000", "0.02266000"], ["84114.24000000", "0.04823000"], ["84114.55000000", "0.68119000"], ["84114.57000000", "0.00000000"], ["84114.59000000", "2.22282000"], ["84114.96000000", "0.00000000"], ["84115.42000000", "0.00000000"], ["84115.60000000", "0.00500000"], ["84116.00000000", "0.11671000"], ["84116.38000000", "0.00000000"], ["84116.50000000", "0.00000000"], ["84117.71000000", "0.00000000"], ["84117.87000000", "0.00138000"], ["84118.00000000", "0.02266000"], ["84118.01000000", "0.00000000"], ["84118.83000000", "0.04006000"], ["84118.92000000", "0.03362000"], ["84119.52000000", "0.17828000"], ["84119.87000000", "0.00300000"], ["84121.80000000", "0.00006000"], ["84122.05000000", "0.00000000"], ["84122.13000000", "0.00000000"], ["84124.05000000", "0.05957000"], ["84125.39000000", "0.55860000"], ["84125.40000000", "0.08362000"], ["84125.67000000", "0.85627000"], ["84127.36000000", "0.00000000"], ["84128.86000000", "0.00000000"], ["84134.80000000", "0.00000000"], ["84136.20000000", "0.00000000"], ["84139.74000000", "0.00000000"], ["84140.29000000", "0.05000000"], ["84141.30000000", "0.59470000"], ["84141.48000000", "0.12836000"], ["84141.93000000", "0.00100000"], ["84150.00000000", "0.48122000"], ["84150.64000000", "0.00000000"], ["84151.40000000", "0.00000000"], ["84151.53000000", "0.00000000"], ["84153.50000000", "0.00059000"], ["84156.98000000", "0.00000000"], ["84163.96000000", "0.00000000"], ["84171.21000000", "0.03451000"], ["84172.94000000", "0.02379000"], ["84183.84000000", "0.62547000"], ["84189.17000000", "0.04000000"], ["84189.29000000", "0.00000000"], ["84200.22000000", "0.00597000"], ["84206.99000000", "0.12784000"], ["84208.64000000", "0.00895000"], ["84212.40000000", "0.17822000"], ["84217.05000000", "0.01194000"], ["84225.47000000", "0.01493000"], ["84227.39000000", "0.00000000"], ["84233.03000000", "0.00000000"], ["84239.56000000", "0.04197000"], ["84245.73000000", "0.04197000"], ["84258.33000000", "0.04097000"], ["84261.59000000", "0.00000000"], ["84269.68000000", "0.00000000"], ["84439.88000000", "0.00000000"], ["84445.80000000", "0.00000000"], ["85385.99000000", "0.00000000"], ["96666.66000000", "0.08698000"], ["98333.33000000", "0.05335000"], ["100000.00000000", "165.71948000"], ["101666.66000000", "0.05025000"], ["103333.33000000", "0.08284000"], ["105000.00000000", "133.96959000"]], "record_time": 1742554946.036522, "EXCHANGE": "BINANCE"}
{"e": "depthUpdate", "E": 1742554947014, "s": "BTCUSDT", "U": 64607004270, "u": 64607004365, "b": [["84111.44000000", "2.63464000"], ["84108.70000000", "0.00027000"], ["84107.12000000", "0.00000000"], ["84107.11000000", "0.04260000"], ["84103.41000000", "0.00000000"], ["84103.40000000", "0.00000000"], ["84102.32000000", "0.02376000"], ["84094.22000000", "1.31804000"], ["84091.88000000", "0.00000000"], ["84091.44000000", "0.44445000"], ["84089.87000000", "0.00000000"], ["84079.55000000", "0.89111000"], ["84076.66000000", "0.89111000"], ["84076.09000000", "0.59973000"], ["84075.47000000", "0.07669000"], ["84069.01000000", "0.37671000"], ["84063.91000000", "0.00441000"], ["84061.55000000", "0.00000000"], ["84061.26000000", "0.05000000"], ["84047.86000000", "0.14074000"], ["84024.19000000", "0.00100000"], ["84017.50000000", "0.64958000"], ["84017.27000000", "1.38839000"], ["83948.32000000", "0.00000000"], ["83944.32000000", "0.00000000"], ["83943.92000000", "0.01000000"], ["83943.32000000", "0.00000000"], ["83933.30000000", "0.01524000"], ["83865.96000000", "0.00000000"], ["83500.00000000", "12.12901000"], ["83196.44000000", "0.00000000"], ["83193.07000000", "0.00040000"], ["83188.37000000", "0.00000000"], ["83185.00000000", "0.00060000"], ["82859.54000000", "0.00000000"], ["82849.76000000", "0.00000000"], ["80697.27000000", "0.03566000"], ["75779.41000000", "0.00000000"], ["75700.30000000", "0.00032000"], ["75700.00000000", "6.42624000"], ["67289.16000000", "0.00058000"], ["33000.00000000", "2.93827000"]], "a": [["84111.45000000", "6.39563000"], ["84116.50000000", "0.02331000"], ["84119.52000000", "0.17822000"], ["84126.00000000", "0.04623000"], ["84127.62000000", "0.08879000"], ["84131.92000000", "0.00000000"], ["84131.97000000", "0.48646000"], ["84135.43000000", "0.05000000"], ["84136.76000000", "0.89111000"], ["84137.34000000", "0.89111000"], ["84138.20000000", "0.00000000"], ["84140.29000000", "0.00000000"], ["84141.29000000", "0.48591000"], ["84141.40000000", "0.00000000"], ["84145.65000000", "0.00000000"], ["84147.00000000", "0.00006000"], ["84160.61000000", "0.00000000"], ["84162.29000000", "0.00000000"], ["84165.31000000", "0.00000000"], ["84168.47000000", "0.26275000"], ["84169.82000000", "0.16577000"], ["84171.24000000", "0.02379000"], ["84172.94000000", "0.00000000"], ["84175.89000000", "0.03428000"], ["84185.37000000", "0.05977000"], ["84198.69000000", "0.00100000"], ["84217.00000000", "0.00000000"], ["84248.82000000", "0.02496000"], ["84273.86000000", "0.01000000"], ["84303.41000000", "0.00000000"], ["84420.00000000", "0.03815000"], ["85373.13000000", "0.00100000"], ["86300.00000000", "19.53749000"]], "record_time": 1742554947.037251, "EXCHANGE": "BINANCE"}
{"e": "depthUpdate", "E": 1742554948014, "s": "BTCUSDT", "U": 64607004366, "u": 64607004440, "b": [["84111.44000000", "2.75576000"], ["84105.95000000", "0.04817000"], ["84105.00000000", "0.02477000"], ["84103.31000000", "0.00757000"], ["84102.99000000", "0.00000000"], ["84102.32000000", "0.02343000"], ["84101.01000000", "0.00000000"], ["84087.22000000", "0.00880000"], ["84081.96000000", "1.59875000"], ["84072.91000000", "0.00000000"], ["84063.11000000", "0.04942000"], ["84061.26000000", "0.00000000"], ["84058.95000000", "0.85695000"], ["84054.40000000", "0.00000000"], ["83943.92000000", "0.00000000"], ["83942.23000000", "0.00000000"], ["83941.49000000", "0.01862000"], ["83941.43000000", "0.00000000"], ["83941.33000000", "0.01000000"], ["83941.23000000", "0.00000000"], ["83892.26000000", "0.00400000"], ["83885.58000000", "0.00000000"], ["82849.76000000", "0.00100000"], ["82848.26000000", "0.00019000"], ["75700.00000000", "6.42624000"], ["67289.16000000", "0.00058000"], ["33000.00000000", "2.93887000"]], "a": [["84111.45000000", "6.39111000"], ["84114.55000000", "0.49741000"], ["84114.58000000", "0.00014000"], ["84114.59000000", "1.62875000"], ["84115.60000000", "0.00500000"], ["84115.94000000", "0.00754000"], ["84116.50000000", "0.00000000"], ["84116.77000000", "0.02338000"], ["84118.83000000", "0.04000000"], ["84118.92000000", "0.03356000"], ["84122.15000000", "0.00414000"], ["84122.30000000", "0.00000000"], ["84124.23000000", "0.00000000"], ["84128.97000000", "0.01862000"], ["84129.73000000", "0.59407000"], ["84132.87000000", "1.44703000"], ["84134.80000000", "0.00500000"], ["84152.52000000", "0.00000000"], ["84159.04000000", "0.72500000"], ["84165.33000000", "0.00000000"], ["84167.59000000", "0.59407000"], ["84186.86000000", "0.00841000"], ["84204.96000000", "0.72481000"], ["84273.86000000", "0.01000000"], ["84278.12000000", "0.00000000"], ["84281.97000000", "0.99882000"], ["85373.13000000", "0.00000000"]], "record_time": 1742554948.045549, "EXCHANGE": "BINANCE"}
{"e": "depthUpdate", "E": 1742554949014, "s": "BTCUSDT", "U": 64607004441, "u": 64607004651, "b": [["84111.44000000", "3.38033000"], ["84111.43000000", "0.00064000"], ["84111.35000000", "0.00123000"], ["84111.34000000", "0.00007000"], ["84111.32000000", "0.00021000"], ["84111.31000000", "0.02585000"], ["84111.30000000", "0.00007000"], ["84111.29000000", "0.00007000"], ["84111.28000000", "0.00000000"], ["84111.12000000", "0.00132000"], ["84111.08000000", "0.00000000"], ["84111.07000000", "0.00006000"], ["84111.06000000", "0.00000000"], ["84111.05000000", "0.00000000"], ["84110.99000000", "0.00037000"], ["84110.01000000", "0.00014000"], ["84110.00000000", "0.02267000"], ["84108.94000000", "0.00000000"], ["84108.93000000", "0.00000000"], ["84107.87000000", "0.00014000"], ["84107.86000000", "0.02395000"], ["84107.25000000", "0.00000000"], ["84107.12000000", "0.00014000"], ["84107.11000000", "0.04267000"], ["84105.96000000", "0.00007000"], ["84102.69000000", "0.00007000"], ["84101.77000000", "0.00000000"], ["84101.75000000", "0.00118000"], ["84101.73000000", "0.00091000"], ["84099.87000000", "0.05940000"], ["84072.02000000", "0.68375000"], ["84071.65000000", "0.85682000"], ["84064.98000000", "0.05000000"], ["84058.95000000", "0.00000000"], ["84006.05000000", "1.22804000"], ["84003.24000000", "1.50897000"], ["83975.90000000", "0.01862000"], ["83941.49000000", "0.00000000"], ["83941.33000000", "0.00000000"], ["83941.23000000", "0.01000000"], ["83933.30000000", "0.00000000"], ["83931.67000000", "0.01524000"], ["83904.19000000", "0.00400000"], ["83892.26000000", "0.00000000"], ["83193.07000000", "0.00000000"], ["83187.06000000", "0.00040000"], ["83185.00000000", "0.00000000"], ["83179.00000000", "0.00060000"], ["82849.76000000", "0.00000000"], ["75700.00000000", "6.42624000"], ["67289.16000000", "0.00058000"], ["60000.00000000", "73.17018000"], ["33000.00000000", "2.93827000"], ["30280.12000000", "0.00020000"]], "a": [["84114.00000000", "0.02260000"], ["84114.23000000", "0.00000000"], ["84114.24000000", "0.00006000"], ["84114.59000000", "1.24768000"], ["84116.77000000", "0.00000000"], ["84117.57000000", "0.00008000"], ["84117.70000000", "0.04817000"], ["84123.16000000", "0.35644000"], ["84128.97000000", "0.00000000"], ["84146.58000000", "0.41651000"], ["84155.98000000", "0.25103000"], ["84168.61000000", "0.01862000"], ["84171.24000000", "0.00000000"], ["84175.25000000", "0.03428000"], ["84175.89000000", "0.00000000"], ["84187.37000000", "0.46487000"], ["84188.74000000", "0.02379000"], ["84203.89000000", "1.10939000"], ["84273.86000000", "0.01000000"], ["85373.13000000", "0.00100000"]], "record_time": 1742554949.046164, "EXCHANGE": "BINANCE"}
{"e": "depthUpdate", "E": 1742554950014, "s": "BTCUSDT", "U": 64607004652, "u": 64607004881, "b": [["84111.44000000", "4.04245000"], ["84111.43000000", "0.00064000"], ["84111.37000000", "0.00021000"], ["84111.36000000", "0.06622000"], ["84111.35000000", "0.11743000"], ["84111.32000000", "0.00007000"], ["84111.31000000", "0.00007000"], ["84111.30000000", "0.00000000"], ["84111.29000000", "0.00000000"], ["84110.70000000", "0.00011000"], ["84110.01000000", "0.00000000"], ["84110.00000000", "0.02267000"], ["84108.72000000", "0.00000000"], ["84108.71000000", "0.04853000"], ["84107.87000000", "0.00000000"], ["84107.86000000", "0.02388000"], ["84107.39000000", "0.00000000"], ["84107.16000000", "0.00000000"], ["84107.15000000", "0.11160000"], ["84107.14000000", "0.16221000"], ["84107.12000000", "0.00000000"], ["84107.11000000", "0.00000000"], ["84106.65000000", "0.00000000"], ["84106.64000000", "0.05940000"], ["84105.96000000", "0.00000000"], ["84105.95000000", "0.00000000"], ["84104.31000000", "0.00000000"], ["84102.69000000", "0.00000000"], ["84102.68000000", "0.24824000"], ["84102.65000000", "0.00000000"], ["84101.74000000", "0.00000000"], ["84101.73000000", "0.00000000"], ["84099.52000000", "0.00000000"], ["84098.83000000", "0.00000000"], ["84097.40000000", "0.08304000"], ["84095.80000000", "0.00500000"], ["84095.02000000", "0.78520000"], ["84094.22000000", "0.92316000"], ["84093.07000000", "0.00000000"], ["84089.88000000", "0.65680000"], ["84087.22000000", "0.00000000"], ["84081.97000000", "0.00000000"], ["84079.15000000", "0.59471000"], ["84076.09000000", "0.00000000"], ["84075.38000000", "0.00000000"], ["84064.98000000", "0.00000000"], ["84064.24000000", "0.64035000"], ["84058.80000000", "0.00006000"], ["84058.17000000", "0.59407000"], ["84056.00000000", "0.00235000"], ["84051.68000000", "0.00000000"], ["83975.90000000", "0.00000000"], ["83950.97000000", "0.00678000"], ["83931.67000000", "0.00000000"], ["83921.51000000", "0.00400000"], ["83915.35000000", "0.00000000"], ["83904.19000000", "0.00000000"], ["82849.76000000", "0.00100000"], ["79900.00000000", "5.57490000"], ["75700.00000000", "6.42624000"], ["67289.16000000", "0.00058000"], ["33000.00000000", "2.93827000"]], "a": [["84111.45000000", "4.79214000"], ["84111.47000000", "0.00039000"], ["84112.44000000", "0.00014000"], ["84112.45000000", "0.16171000"], ["84113.99000000", "0.00000000"], ["84114.55000000", "0.33769000"], ["84114.59000000", "1.09656000"], ["84115.60000000", "0.00000000"], ["84116.00000000", "0.18394000"], ["84116.39000000", "0.00000000"], ["84117.62000000", "0.00011000"], ["84117.70000000", "0.00000000"], ["84118.00000000", "0.02260000"], ["84118.31000000", "0.02448000"], ["84118.92000000", "0.00000000"], ["84119.69000000", "0.15112000"], ["84120.85000000", "0.04817000"], ["84121.93000000", "0.00095000"], ["84124.05000000", "0.02377000"], ["84125.39000000", "0.34848000"], ["84125.40000000", "0.04782000"], ["84125.67000000", "0.00000000"], ["84128.27000000", "0.00000000"], ["84131.96000000", "0.00000000"], ["84133.46000000", "0.00000000"], ["84133.98000000", "0.71284000"], ["84134.80000000", "0.00500000"], ["84135.43000000", "0.00000000"], ["84136.68000000", "0.05940000"], ["84139.40000000", "0.85613000"], ["84141.30000000", "0.00000000"], ["84142.79000000", "0.00000000"], ["84142.84000000", "0.05000000"], ["84145.24000000", "0.59470000"], ["84146.25000000", "0.00000000"], ["84149.18000000", "0.00678000"], ["84150.51000000", "0.00000000"], ["84153.79000000", "0.47336000"], ["84153.93000000", "0.11880000"], ["84154.36000000", "0.02802000"], ["84158.76000000", "0.00000000"], ["84168.61000000", "0.00000000"], ["84175.25000000", "0.00000000"], ["84250.03000000", "0.02496000"], ["84952.55000000", "0.00000000"], ["85373.13000000", "0.00000000"]], "record_time": 1742554950.035456, "EXCHANGE": "BINANCE"}
{"e": "depthUpdate", "E": 1742554951014, "s": "BTCUSDT", "U": 64607004882, "u": 64607005032, "b": [["84111.44000000", "3.32691000"], ["84111.36000000", "0.06608000"], ["84111.35000000", "0.00007000"], ["84110.76000000", "0.00014000"], ["84110.75000000", "0.07831000"], ["84110.00000000", "0.02267000"], ["84109.31000000", "0.02146000"], ["84108.71000000", "0.04846000"], ["84107.86000000", "0.02388000"], ["84106.64000000", "0.00000000"], ["84105.00000000", "0.00006000"], ["84104.53000000", "0.00000000"], ["84104.31000000", "0.00000000"], ["84102.32000000", "0.00000000"], ["84101.43000000", "0.00096000"], ["84101.41000000", "0.02377000"], ["84101.20000000", "0.00000000"], ["84100.62000000", "0.00092000"], ["84100.29000000", "0.00419000"], ["84098.84000000", "0.00000000"], ["84096.77000000", "0.00260000"], ["84095.02000000", "0.00000000"], ["84094.59000000", "0.78520000"], ["84087.22000000", "0.00896000"], ["84079.15000000", "0.00000000"], ["84076.67000000", "0.97060000"], ["84076.09000000", "0.59472000"], ["84075.59000000", "0.00000000"], ["84070.82000000", "0.00000000"], ["84064.05000000", "0.00000000"], ["84062.03000000", "0.85692000"], ["84059.53000000", "0.00000000"], ["83929.78000000", "0.00000000"], ["83921.51000000", "0.00000000"], ["83915.06000000", "0.00400000"], ["83188.71000000", "0.00040000"], ["83187.06000000", "0.00000000"], ["83181.47000000", "0.00060000"], ["83179.00000000", "0.00000000"], ["82849.76000000", "0.00000000"], ["80000.00000000", "154.95510000"], ["75700.00000000", "6.42624000"], ["67289.16000000", "0.00058000"], ["33000.00000000", "2.93827000"], ["20002.00000000", "0.00000000"], ["20001.00000000", "0.02099000"]], "a": [["84111.45000000", "5.82973000"], ["84112.44000000", "0.00000000"], ["84112.45000000", "0.00000000"], ["84112.76000000", "0.00000000"], ["84113.99000000", "0.00014000"], ["84114.24000000", "0.00000000"], ["84114.55000000", "0.20119000"], ["84114.58000000", "0.00014000"], ["84114.59000000", "0.64656000"], ["84116.77000000", "0.02412000"], ["84118.18000000", "0.04817000"], ["84120.85000000", "0.00000000"], ["84121.90000000", "0.00000000"], ["84121.93000000", "0.00000000"], ["84123.31000000", "0.00000000"], ["84124.05000000", "0.00000000"], ["84124.34000000", "0.00901000"], ["84125.39000000", "0.54588000"], ["84125.97000000", "0.85627000"], ["84126.31000000", "0.00000000"], ["84127.12000000", "0.00000000"], ["84136.67000000", "0.00000000"], ["84136.93000000", "2.46794000"], ["84139.40000000", "0.00000000"], ["84139.97000000", "0.59473000"], ["84141.29000000", "0.00000000"], ["84145.24000000", "0.00000000"], ["84164.33000000", "0.00000000"], ["84167.58000000", "0.46490000"], ["84168.47000000", "0.00000000"], ["84173.57000000", "0.03609000"], ["84186.86000000", "0.00000000"], ["84190.75000000", "0.00841000"], ["84203.89000000", "0.00015000"], ["85373.13000000", "0.00100000"]], "record_time": 1742554951.039522, "EXCHANGE": "BINANCE"}
{"e": "depthUpdate", "E": 1742554952014, "s": "BTCUSDT", "U": 64607005033, "u": 64607005327, "b": [["84111.44000000", "0.88631000"], ["84111.43000000", "0.00064000"], ["84111.39000000", "0.00015000"], ["84111.37000000", "0.00007000"], ["84111.36000000", "0.00007000"], ["84111.32000000", "0.00007000"], ["84111.31000000", "0.00000000"], ["84111.29000000", "0.00000000"], ["84111.28000000", "0.00000000"], ["84110.99000000", "0.00037000"], ["84110.76000000", "0.00000000"], ["84110.75000000", "0.00000000"], ["84110.71000000", "0.00000000"], ["84110.70000000", "0.00000000"], ["84110.67000000", "0.00014000"], ["84110.66000000", "0.01174000"], ["84110.02000000", "0.00000000"], ["84110.01000000", "0.00014000"], ["84110.00000000", "0.02267000"], ["84109.31000000", "0.00000000"], ["84108.72000000", "0.00000000"], ["84108.71000000", "0.00029000"], ["84108.60000000", "0.00300000"], ["84107.87000000", "0.00014000"], ["84107.86000000", "0.02395000"], ["84107.69000000", "0.00000000"], ["84107.16000000", "0.00014000"], ["84107.15000000", "0.08294000"], ["84105.13000000", "0.00011000"], ["84104.83000000", "0.04817000"], ["84104.72000000", "0.00000000"], ["84104.49000000", "0.00000000"], ["84101.72000000", "0.00091000"], ["84101.43000000", "0.00000000"], ["84101.42000000", "0.00096000"], ["84101.41000000", "0.00000000"], ["84101.40000000", "0.00000000"], ["84100.83000000", "0.00090000"], ["84100.80000000", "0.00006000"], ["84100.44000000", "0.00000000"], ["84099.87000000", "0.00000000"], ["84098.60000000", "0.00000000"], ["84098.50000000", "0.00000000"], ["84097.52000000", "0.00000000"], ["84097.41000000", "0.00000000"], ["84096.43000000", "0.78519000"], ["84096.40000000", "0.00000000"], ["84095.80000000", "0.00000000"], ["84094.59000000", "0.00000000"], ["84094.22000000", "0.92316000"], ["84086.81000000", "0.00935000"], ["84084.67000000", "0.01870000"], ["84076.09000000", "0.00000000"], ["84075.73000000", "0.85678000"], ["84075.63000000", "0.00000000"], ["84075.37000000", "0.05497000"], ["84074.58000000", "0.10994000"], ["84073.37000000", "0.00000000"], ["84072.65000000", "0.00000000"], ["84072.03000000", "0.59475000"], ["84068.37000000", "0.81845000"], ["84063.91000000", "0.00000000"], ["84062.26000000", "0.00000000"], ["84062.03000000", "0.00000000"], ["84059.00000000", "0.00000000"], ["84058.09000000", "0.09634000"], ["83997.46000000", "0.00000000"], ["83997.06000000", "0.04637000"], ["83996.84000000", "0.05496000"], ["83993.83000000", "0.00075000"], ["83991.51000000", "0.05496000"], ["83988.12000000", "0.05197000"], ["83986.07000000", "0.10394000"], ["83978.57000000", "0.18312000"], ["83976.31000000", "0.09294000"], ["83920.59000000", "0.00000000"], ["83917.49000000", "0.00063000"], ["83915.06000000", "0.00000000"], ["83895.41000000", "0.00400000"], ["82849.76000000", "0.00100000"], ["75700.00000000", "6.42644000"], ["67289.16000000", "0.00058000"], ["33000.00000000", "2.93827000"]], "a": [["84111.45000000", "6.05942000"], ["84112.27000000", "0.00011000"], ["84114.93000000", "0.00000000"], ["84115.38000000", "0.04817000"], ["84115.60000000", "0.00500000"], ["84116.77000000", "0.02354000"], ["84117.62000000", "0.00000000"], ["84118.18000000", "0.00000000"], ["84119.59000000", "0.00031000"], ["84122.06000000", "0.60051000"], ["84122.15000000", "0.00000000"], ["84122.26000000", "0.85630000"], ["84124.12000000", "0.01783000"], ["84128.69000000", "0.71284000"], ["84131.96000000", "0.59476000"], ["84134.80000000", "0.00000000"], ["84135.73000000", "0.94111000"], ["84138.28000000", "0.00000000"], ["84139.97000000", "0.00000000"], ["84141.30000000", "0.00000000"], ["84141.47000000", "0.26743000"], ["84142.84000000", "0.00000000"], ["84151.40000000", "0.00000000"], ["84159.67000000", "0.01196000"], ["84170.99000000", "0.00000000"], ["84180.48000000", "0.02379000"], ["84188.74000000", "0.00000000"], ["84281.97000000", "0.00000000"], ["84282.08000000", "0.99692000"], ["84721.43000000", "0.00060000"], ["84736.34000000", "0.00060000"], ["84747.81000000", "0.00000000"], ["84762.73000000", "0.00000000"], ["85373.13000000", "0.00000000"], ["86500.00000000", "21.87016000"], ["95000.00000000", "226.43904000"]], "record_time": 1742554952.035792, "EXCHANGE": "BINANCE"}
{"e": "depthUpdate", "E": 1742554953014, "s": "BTCUSDT", "U": 64607005328, "u": 64607006080, "b": [["84111.44000000", "0.00000000"], ["84111.43000000", "0.00000000"], ["84111.39000000", "0.00000000"], ["84111.37000000", "0.00000000"], ["84111.36000000", "0.00000000"], ["84111.35000000", "0.00000000"], ["84111.34000000", "0.00000000"], ["84111.32000000", "0.00000000"], ["84111.12000000", "0.00000000"], ["84111.08000000", "0.00000000"], ["84111.07000000", "0.00000000"], ["84110.99000000", "0.00000000"], ["84110.67000000", "0.00000000"], ["84110.66000000", "0.00000000"], ["84110.24000000", "0.00000000"], ["84110.01000000", "0.00000000"], ["84110.00000000", "0.00000000"], ["84109.39000000", "0.00000000"], ["84108.71000000", "0.00000000"], ["84108.70000000", "0.00000000"], ["84108.69000000", "0.00000000"], ["84108.68000000", "0.00000000"], ["84108.60000000", "0.00000000"], ["84107.87000000", "0.00000000"], ["84107.86000000", "0.00000000"], ["84107.70000000", "0.00000000"], ["84107.16000000", "0.00000000"], ["84107.15000000", "1.16513000"], ["84107.14000000", "0.00069000"], ["84107.08000000", "0.00209000"], ["84106.88000000", "0.00007000"], ["84106.86000000", "0.00007000"], ["84106.73000000", "0.00007000"], ["84106.72000000", "0.00307000"], ["84106.58000000", "0.00021000"], ["84106.57000000", "0.13314000"], ["84106.56000000", "0.15284000"], ["84106.54000000", "0.00009000"], ["84106.39000000", "0.00101000"], ["84106.00000000", "0.02267000"], ["84105.22000000", "0.00006000"], ["84105.15000000", "0.00014000"], ["84105.14000000", "0.27128000"], ["84105.13000000", "0.00000000"], ["84104.88000000", "0.00370000"], ["84104.83000000", "0.00000000"], ["84104.67000000", "0.00000000"], ["84104.10000000", "0.00000000"], ["84103.71000000", "0.00000000"], ["84103.70000000", "0.00000000"], ["84103.60000000", "0.02373000"], ["84103.52000000", "0.09162000"], ["84103.31000000", "0.00000000"], ["84103.20000000", "0.08000000"], ["84102.68000000", "0.24824000"], ["84102.57000000", "0.00019000"], ["84102.38000000", "0.00000000"], ["84102.29000000", "0.16221000"], ["84102.06000000", "0.00000000"], ["84102.05000000", "0.04817000"], ["84101.88000000", "0.00000000"], ["84101.87000000", "0.00000000"], ["84101.86000000", "0.02482000"], ["84101.76000000", "0.02205000"], ["84101.75000000", "0.00000000"], ["84101.72000000", "0.00000000"], ["84101.60000000", "0.00000000"], ["84100.83000000", "0.00000000"], ["84100.38000000", "0.00759000"], ["84098.73000000", "0.45000000"], ["84097.78000000", "0.00088000"], ["84097.76000000", "0.00145000"], ["84097.75000000", "0.45599000"], ["84097.74000000", "0.00000000"], ["84097.70000000", "0.00000000"], ["84097.41000000", "0.00000000"], ["84097.40000000", "0.00000000"], ["84097.38000000", "0.00000000"], ["84097.27000000", "0.00000000"], ["84096.43000000", "0.00000000"], ["84095.96000000", "0.78519000"], ["84094.21000000", "0.00000000"], ["84093.78000000", "0.00000000"], ["84093.47000000", "0.10701000"], ["84093.44000000", "0.01188000"], ["84092.69000000", "0.00000000"], ["84091.44000000", "0.00000000"], ["84089.98000000", "0.00000000"], ["84089.85000000", "0.00000000"], ["84089.81000000", "0.00000000"], ["84089.77000000", "0.00000000"], ["84089.51000000", "0.00000000"], ["84089.48000000", "0.00000000"], ["84088.65000000", "0.00029000"], ["84087.76000000", "0.00118000"], ["84087.72000000", "0.00000000"], ["84087.59000000", "0.00000000"], ["84087.41000000", "0.00000000"], ["84087.40000000", "0.00000000"], ["84087.34000000", "0.00000000"], ["84087.29000000", "0.03568000"], ["84087.22000000", "0.00000000"], ["84086.54000000", "0.00889000"], ["84085.30000000", "0.12187000"], ["84081.91000000", "0.05785000"], ["84081.35000000", "0.00504000"], ["84080.79000000", "0.05940000"], ["84079.16000000", "0.00000000"], ["84077.32000000", "0.00000000"], ["84077.22000000", "0.89111000"], ["84076.67000000", "0.64760000"], ["84075.73000000", "0.00000000"], ["84075.38000000", "0.85678000"], ["84075.37000000", "0.00000000"], ["84074.58000000", "0.00000000"], ["84072.04000000", "0.00213000"], ["84069.38000000", "0.00000000"], ["84068.15000000", "0.00000000"], ["84067.04000000", "0.05071000"], ["84066.68000000", "0.00000000"], ["84065.09000000", "0.00059000"], ["84063.22000000", "0.00000000"], ["84062.26000000", "0.00000000"], ["84056.24000000", "0.00297000"], ["84055.12000000", "0.00000000"], ["84053.79000000", "0.00000000"], ["84053.78000000", "0.00013000"], ["84052.69000000", "0.00000000"], ["84052.28000000", "0.00000000"], ["84046.78000000", "0.00000000"], ["84046.35000000", "0.00297000"], ["84042.17000000", "0.00809000"], ["84017.50000000", "0.23306000"], ["84017.27000000", "0.00000000"], ["83995.59000000", "0.05496000"], ["83993.84000000", "0.00000000"], ["83993.83000000", "0.00000000"], ["83989.47000000", "0.00075000"], ["83989.46000000", "0.05496000"], ["83987.65000000", "0.05496000"], ["83987.60000000", "0.00000000"], ["83980.22000000", "0.00172000"], ["83974.94000000", "0.04897000"], ["83970.89000000", "0.04197000"], ["83970.00000000", "0.04197000"], ["83969.98000000", "0.04197000"], ["83955.96000000", "0.00006000"], ["83940.15000000", "0.00008000"], ["83917.50000000", "0.00000000"], ["83917.49000000", "0.00000000"], ["83910.65000000", "0.00063000"], ["83902.64000000", "0.07150000"], ["83895.41000000", "0.00000000"], ["83894.23000000", "0.05555000"], ["83889.37000000", "0.00000000"], ["83887.98000000", "0.00000000"], ["83885.82000000", "0.06793000"], ["83883.63000000", "0.00000000"], ["83876.45000000", "0.00400000"], ["83872.22000000", "0.00013000"], ["83869.88000000", "0.00000000"], ["83863.24000000", "0.80000000"], ["83857.39000000", "0.00000000"], ["83835.34000000", "0.45000000"], ["83112.60000000", "0.00000000"], ["83069.99000000", "0.00000000"], ["83000.53000000", "0.00000000"], ["82849.76000000", "0.00000000"], ["82336.30000000", "0.00042000"], ["75700.00000000", "6.42624000"], ["67289.16000000", "0.00000000"], ["67285.72000000", "0.00058000"], ["33000.00000000", "2.93827000"]], "a": [["84107.16000000", "7.92234000"], ["84107.17000000", "0.00039000"], ["84107.68000000", "0.00202000"], ["84107.69000000", "0.00000000"], ["84107.87000000", "0.00000000"], ["84107.98000000", "0.00014000"], ["84107.99000000", "0.18408000"], ["84108.00000000", "0.02266000"], ["84108.61000000", "0.00000000"], ["84108.69000000", "0.00000000"], ["84108.71000000", "0.00000000"], ["84109.99000000", "0.00000000"], ["84110.00000000", "0.02266000"], ["84110.01000000", "0.00000000"], ["84110.09000000", "0.00011000"], ["84110.45000000", "0.00000000"], ["84110.67000000", "0.00000000"], ["84110.71000000", "0.00009000"], ["84110.72000000", "0.02382000"], ["84111.00000000", "0.00000000"], ["84111.09000000", "0.00000000"], ["84111.15000000", "0.00000000"], ["84111.33000000", "0.00000000"], ["84111.35000000", "0.00000000"], ["84111.36000000", "0.00000000"], ["84111.37000000", "0.00000000"], ["84111.38000000", "0.00000000"], ["84111.40000000", "0.00000000"], ["84111.43000000", "0.00000000"], ["84111.44000000", "0.00773000"], ["84111.45000000", "0.55325000"], ["84111.46000000", "0.00000000"], ["84112.06000000", "0.04823000"], ["84112.27000000", "0.00000000"], ["84112.76000000", "0.00000000"], ["84113.99000000", "0.00000000"], ["84114.00000000", "0.02266000"], ["84114.54000000", "0.00000000"], ["84114.55000000", "0.14594000"], ["84114.58000000", "0.00000000"], ["84114.59000000", "0.32506000"], ["84114.77000000", "0.15112000"], ["84114.98000000", "0.00000000"], ["84115.38000000", "0.00000000"], ["84115.94000000", "0.00000000"], ["84115.99000000", "0.00000000"], ["84116.00000000", "0.11665000"], ["84116.64000000", "0.00118000"], ["84116.77000000", "0.02354000"], ["84117.66000000", "0.00013000"], ["84117.83000000", "0.00831000"], ["84117.87000000", "0.00000000"], ["84119.24000000", "0.00009000"], ["84119.69000000", "0.00000000"], ["84121.41000000", "0.08992000"], ["84124.06000000", "0.00000000"], ["84124.11000000", "0.00377000"], ["84124.65000000", "0.00000000"], ["84126.08000000", "0.00007000"], ["84127.62000000", "0.00000000"], ["84129.14000000", "0.00000000"], ["84130.00000000", "0.00000000"], ["84131.96000000", "0.00000000"], ["84132.00000000", "0.00000000"], ["84132.39000000", "0.11880000"], ["84135.06000000", "0.19424000"], ["84135.55000000", "0.00000000"], ["84135.72000000", "0.59476000"], ["84135.73000000", "0.89111000"], ["84136.68000000", "0.00000000"], ["84138.79000000", "0.05000000"], ["84142.15000000", "0.00000000"], ["84144.33000000", "0.00000000"], ["84145.80000000", "0.02802000"], ["84147.74000000", "0.34921000"], ["84147.87000000", "0.35644000"], ["84148.47000000", "0.00000000"], ["84148.97000000", "0.00000000"], ["84149.05000000", "0.00000000"], ["84149.21000000", "0.00059000"], ["84153.50000000", "0.00000000"], ["84153.74000000", "0.01028000"], ["84154.36000000", "0.00000000"], ["84156.71000000", "0.00000000"], ["84157.76000000", "0.03451000"], ["84160.28000000", "0.03609000"], ["84163.74000000", "0.59407000"], ["84164.13000000", "0.00000000"], ["84164.17000000", "0.00000000"], ["84164.86000000", "0.00000000"], ["84167.58000000", "0.28667000"], ["84167.59000000", "0.00000000"], ["84171.21000000", "0.00000000"], ["84173.57000000", "0.00000000"], ["84185.37000000", "0.00000000"], ["84191.28000000", "0.00296000"], ["84192.58000000", "0.00000000"], ["84208.40000000", "0.00000000"], ["84218.87000000", "0.11486000"], ["84243.97000000", "0.00000000"], ["84332.41000000", "0.00000000"], ["84356.46000000", "0.00000000"], ["85368.77000000", "0.00100000"], ["150001.00000000", "0.00084000"]], "record_time": 1742554953.044191, "EXCHANGE": "BINANCE"}
{"e": "depthUpdate", "E": 1742554954014, "s": "BTCUSDT", "U": 64607006081, "u": 64607006165, "b": [["84107.15000000", "1.32227000"], ["84106.72000000", "0.00007000"], ["84106.57000000", "0.20066000"], ["84106.56000000", "0.15284000"], ["84106.18000000", "0.00014000"], ["84106.17000000", "0.34601000"], ["84106.00000000", "0.02267000"], ["84105.15000000", "0.00000000"], ["84105.14000000", "0.00000000"], ["84102.90000000", "0.00500000"], ["84101.42000000", "0.00000000"], ["84100.38000000", "0.00000000"], ["84098.73000000", "0.45000000"], ["84098.37000000", "0.00000000"], ["84097.49000000", "0.00000000"], ["84097.25000000", "0.00756000"], ["84097.24000000", "0.00094000"], ["84093.47000000", "0.00000000"], ["84092.44000000", "0.04000000"], ["84086.52000000", "0.36345000"], ["84081.91000000", "0.06085000"], ["84077.23000000", "1.24958000"], ["84076.67000000", "0.00000000"], ["84057.05000000", "0.00000000"], ["84030.25000000", "0.00000000"], ["83941.23000000", "0.01000000"], ["83880.00000000", "0.00242000"], ["83188.71000000", "0.00000000"], ["83181.83000000", "0.00060000"], ["82845.54000000", "0.00100000"], ["75696.00000000", "0.03441000"], ["67285.72000000", "0.00058000"], ["33000.00000000", "2.93827000"]], "a": [["84107.16000000", "7.23483000"], ["84111.40000000", "0.00500000"], ["84111.44000000", "0.00780000"], ["84115.60000000", "0.00000000"], ["84117.83000000", "0.00000000"], ["84123.70000000", "0.20949000"], ["84123.99000000", "0.00300000"], ["84130.23000000", "0.00831000"], ["84142.23000000", "0.00000000"], ["84163.73000000", "0.32816000"], ["84273.86000000", "0.01000000"], ["84431.56000000", "0.00000000"], ["84728.45000000", "0.00040000"], ["84736.34000000", "0.00000000"], ["85368.77000000", "0.00000000"]], "record_time": 1742554954.048861, "EXCHANGE": "BINANCE"}
