{"e": "depthUpdate", "E": 1742543253014, "s": "BTCUSDT", "U": 64599947428, "u": 64599949915, "b": [["83864.40000000", "0.00000000"], ["83864.39000000", "0.00000000"], ["83863.95000000", "0.00000000"], ["83863.94000000", "0.00000000"], ["83863.89000000", "0.00000000"], ["83863.88000000", "0.00000000"], ["83863.86000000", "0.00000000"], ["83863.71000000", "0.00000000"], ["83863.50000000", "0.00000000"], ["83863.47000000", "0.00000000"], ["83863.44000000", "0.00000000"], ["83862.60000000", "0.00000000"], ["83862.17000000", "0.00000000"], ["83862.01000000", "0.00000000"], ["83862.00000000", "0.00000000"], ["83861.65000000", "0.00000000"], ["83861.33000000", "0.00000000"], ["83860.31000000", "0.00000000"], ["83860.30000000", "0.00000000"], ["83860.20000000", "0.00000000"], ["83860.19000000", "0.00000000"], ["83860.02000000", "0.00000000"], ["83860.01000000", "0.00000000"], ["83860.00000000", "0.00000000"], ["83859.73000000", "0.00000000"], ["83859.72000000", "0.00000000"], ["83859.64000000", "0.00000000"], ["83859.25000000", "0.00000000"], ["83859.24000000", "0.00000000"], ["83858.84000000", "0.00000000"], ["83858.83000000", "0.00000000"], ["83858.81000000", "0.00000000"], ["83858.80000000", "0.00000000"], ["83858.77000000", "0.00000000"], ["83858.69000000", "0.00000000"], ["83858.68000000", "0.00000000"], ["83858.14000000", "0.00000000"], ["83858.13000000", "0.00000000"], ["83858.12000000", "0.00000000"], ["83858.07000000", "0.00000000"], ["83858.06000000", "0.00000000"], ["83858.01000000", "0.00000000"], ["83858.00000000", "0.00000000"], ["83857.95000000", "0.00000000"], ["83857.91000000", "0.00000000"], ["83857.86000000", "0.00000000"], ["83857.83000000", "0.00000000"], ["83857.82000000", "0.00000000"], ["83857.66000000", "0.00000000"], ["83857.65000000", "0.00000000"], ["83857.52000000", "0.00000000"], ["83857.48000000", "0.00000000"], ["83857.11000000", "0.00000000"], ["83856.72000000", "0.00000000"], ["83856.01000000", "0.00000000"], ["83856.00000000", "0.00000000"], ["83855.98000000", "0.00000000"], ["83855.77000000", "0.00000000"], ["83855.48000000", "0.00000000"], ["83855.38000000", "0.00000000"], ["83855.33000000", "0.00000000"], ["83855.32000000", "0.00000000"], ["83855.10000000", "0.00000000"], ["83854.87000000", "0.00000000"], ["83854.56000000", "0.00000000"], ["83854.55000000", "2.10902000"], ["83854.54000000", "0.00048000"], ["83854.23000000", "0.00000000"], ["83854.06000000", "0.00000000"], ["83853.92000000", "0.00000000"], ["83853.73000000", "0.00000000"], ["83853.72000000", "0.00000000"], ["83853.69000000", "0.00000000"], ["83853.68000000", "0.00000000"], ["83853.56000000", "0.00000000"], ["83853.28000000", "0.00007000"], ["83853.01000000", "0.00000000"], ["83852.93000000", "0.00228000"], ["83852.89000000", "0.00014000"], ["83852.87000000", "0.00007000"], ["83852.86000000", "0.00000000"], ["83852.53000000", "0.00000000"], ["83852.06000000", "0.00000000"], ["83852.04000000", "0.00007000"], ["83852.03000000", "0.00007000"], ["83852.02000000", "0.00000000"], ["83852.01000000", "0.00014000"], ["83852.00000000", "0.07597000"], ["83851.99000000", "0.00014000"], ["83851.98000000", "0.78754000"], ["83851.97000000", "0.00008000"], ["83851.96000000", "0.00000000"], ["83851.95000000", "0.00000000"], ["83851.74000000", "0.00000000"], ["83851.73000000", "0.06731000"], ["83851.72000000", "0.20058000"], ["83851.62000000", "0.00000000"], ["83851.20000000", "0.00000000"], ["83851.17000000", "0.00000000"], ["83851.14000000", "0.00000000"], ["83851.01000000", "0.00000000"], ["83850.78000000", "0.00000000"], ["83850.62000000", "0.00000000"], ["83850.47000000", "0.00000000"], ["83850.45000000", "0.00000000"], ["83850.41000000", "0.00012000"], ["83850.40000000", "0.02269000"], ["83850.33000000", "0.00000000"], ["83850.07000000", "0.02561000"], ["83850.01000000", "0.00000000"], ["83850.00000000", "0.03869000"], ["83849.83000000", "0.00000000"], ["83849.76000000", "0.00000000"], ["83849.75000000", "0.00000000"], ["83849.72000000", "0.00006000"], ["83849.50000000", "0.00000000"], ["83849.49000000", "0.27505000"], ["83849.48000000", "0.00000000"], ["83849.47000000", "0.00000000"], ["83849.37000000", "0.00000000"], ["83849.36000000", "0.01280000"], ["83849.01000000", "0.00000000"], ["83848.66000000", "0.00000000"], ["83848.57000000", "0.00000000"], ["83848.37000000", "0.00000000"], ["83848.32000000", "0.00000000"], ["83848.26000000", "0.00000000"], ["83848.04000000", "0.00000000"], ["83847.81000000", "0.00000000"], ["83847.75000000", "0.00000000"], ["83847.65000000", "0.02350000"], ["83847.63000000", "0.00000000"], ["83847.62000000", "0.00000000"], ["83847.40000000", "0.00000000"], ["83847.17000000", "0.16127000"], ["83847.01000000", "0.00000000"], ["83846.93000000", "0.04834000"], ["83846.41000000", "0.00000000"], ["83846.34000000", "0.00502000"], ["83846.16000000", "0.45000000"], ["83846.09000000", "0.00000000"], ["83846.03000000", "0.33539000"], ["83845.77000000", "0.00000000"], ["83845.32000000", "0.00000000"], ["83844.75000000", "0.00000000"], ["83844.68000000", "0.00000000"], ["83844.32000000", "0.00000000"], ["83844.11000000", "0.00095000"], ["83844.08000000", "0.00119000"], ["83843.89000000", "0.00000000"], ["83843.85000000", "0.00091000"], ["83843.57000000", "0.00000000"], ["83843.45000000", "0.00000000"], ["83843.43000000", "0.00000000"], ["83842.91000000", "0.00000000"], ["83842.75000000", "0.00000000"], ["83841.88000000", "0.77246000"], ["83841.64000000", "0.10861000"], ["83841.19000000", "0.63670000"], ["83840.98000000", "0.00090000"], ["83840.74000000", "0.15523000"], ["83840.66000000", "0.00000000"], ["83840.21000000", "0.04000000"], ["83839.39000000", "0.04000000"], ["83839.38000000", "0.04000000"], ["83839.27000000", "0.04000000"], ["83839.25000000", "0.00000000"], ["83839.12000000", "0.04000000"], ["83839.01000000", "0.00000000"], ["83837.78000000", "0.00059000"], ["83837.76000000", "0.35802000"], ["83837.56000000", "0.00090000"], ["83837.54000000", "0.00413000"], ["83837.40000000", "0.00000000"], ["83837.32000000", "0.00000000"], ["83836.95000000", "0.00000000"], ["83836.85000000", "0.04000000"], ["83836.19000000", "0.01192000"], ["83836.16000000", "0.04000000"], ["83835.29000000", "0.01192000"], ["83835.22000000", "0.00000000"], ["83835.18000000", "0.08000000"], ["83835.09000000", "0.04000000"], ["83834.20000000", "0.00000000"], ["83833.98000000", "0.32436000"], ["83833.53000000", "0.00300000"], ["83833.48000000", "0.00000000"], ["83833.24000000", "0.00000000"], ["83833.23000000", "0.00000000"], ["83831.71000000", "0.00000000"], ["83830.86000000", "0.83488000"], ["83829.98000000", "0.00000000"], ["83829.97000000", "0.00000000"], ["83829.87000000", "0.47736000"], ["83828.67000000", "0.00000000"], ["83828.34000000", "1.57005000"], ["83828.19000000", "0.00000000"], ["83827.72000000", "0.00000000"], ["83827.51000000", "0.00000000"], ["83827.27000000", "0.89505000"], ["83826.99000000", "0.00000000"], ["83825.19000000", "0.00880000"], ["83824.78000000", "0.00000000"], ["83823.76000000", "0.00000000"], ["83823.07000000", "0.00000000"], ["83823.04000000", "0.00000000"], ["83822.86000000", "0.03578000"], ["83822.47000000", "0.00000000"], ["83822.32000000", "0.00000000"], ["83820.88000000", "0.45621000"], ["83820.70000000", "0.00000000"], ["83820.64000000", "0.00000000"], ["83818.93000000", "0.59659000"], ["83818.92000000", "0.05496000"], ["83818.55000000", "0.00000000"], ["83816.84000000", "0.05901000"], ["83816.75000000", "0.05496000"], ["83816.37000000", "0.00000000"], ["83816.20000000", "0.00000000"], ["83815.42000000", "0.11385000"], ["83815.33000000", "0.05496000"], ["83815.29000000", "0.00000000"], ["83815.06000000", "0.89505000"], ["83814.53000000", "0.00000000"], ["83813.77000000", "0.89505000"], ["83813.46000000", "0.00013000"], ["83813.03000000", "0.24882000"], ["83812.68000000", "0.05296000"], ["83811.59000000", "0.58421000"], ["83810.57000000", "0.00000000"], ["83810.39000000", "0.85949000"], ["83810.23000000", "0.00000000"], ["83810.14000000", "0.00000000"], ["83809.89000000", "0.00000000"], ["83809.46000000", "0.02827000"], ["83808.84000000", "0.06431000"], ["83807.97000000", "0.30406000"], ["83807.76000000", "0.15989000"], ["83807.45000000", "0.85952000"], ["83807.17000000", "0.00000000"], ["83807.15000000", "0.00000000"], ["83806.97000000", "0.00530000"], ["83806.74000000", "0.00016000"], ["83805.82000000", "0.00000000"], ["83805.69000000", "0.00000000"], ["83805.04000000", "1.32472000"], ["83804.21000000", "0.35802000"], ["83803.92000000", "0.04769000"], ["83803.25000000", "0.29182000"], ["83801.36000000", "0.00000000"], ["83801.31000000", "0.00000000"], ["83800.85000000", "0.00000000"], ["83800.04000000", "0.00000000"], ["83799.70000000", "0.00000000"], ["83798.16000000", "0.00000000"], ["83798.00000000", "0.00000000"], ["83797.53000000", "0.18069000"], ["83795.95000000", "0.00000000"], ["83795.75000000", "0.00000000"], ["83793.97000000", "0.00000000"], ["83793.22000000", "0.00813000"], ["83793.15000000", "0.00000000"], ["83792.59000000", "0.00000000"], ["83792.48000000", "0.00000000"], ["83791.75000000", "0.01500000"], ["83791.56000000", "0.00000000"], ["83790.59000000", "0.41222000"], ["83789.64000000", "0.59670000"], ["83789.06000000", "0.00000000"], ["83787.94000000", "0.47736000"], ["83787.56000000", "0.14000000"], ["83787.36000000", "0.14310000"], ["83786.89000000", "0.00000000"], ["83785.06000000", "0.25613000"], ["83784.98000000", "0.00805000"], ["83783.24000000", "0.00000000"], ["83782.74000000", "0.00000000"], ["83782.73000000", "0.04000000"], ["83781.02000000", "0.16000000"], ["83779.39000000", "0.04000000"], ["83779.38000000", "0.00000000"], ["83778.24000000", "0.03674000"], ["83777.95000000", "0.00000000"], ["83776.53000000", "0.04000000"], ["83776.41000000", "0.49000000"], ["83774.64000000", "0.00000000"], ["83774.54000000", "0.02951000"], ["83774.44000000", "0.00000000"], ["83774.43000000", "0.00000000"], ["83773.09000000", "0.00000000"], ["83771.09000000", "0.03467000"], ["83769.59000000", "0.00000000"], ["83769.58000000", "0.00000000"], ["83767.88000000", "0.00000000"], ["83766.46000000", "0.03580000"], ["83765.73000000", "0.00000000"], ["83764.01000000", "0.00280000"], ["83762.77000000", "0.00000000"], ["83762.48000000", "0.00000000"], ["83761.73000000", "0.00000000"], ["83760.92000000", "0.00000000"], ["83756.62000000", "0.00000000"], ["83756.05000000", "0.05298000"], ["83755.41000000", "0.00000000"], ["83754.39000000", "0.00147000"], ["83754.24000000", "0.03151000"], ["83754.09000000", "0.01196000"], ["83753.68000000", "0.27480000"], ["83753.36000000", "0.00000000"], ["83752.31000000", "0.00000000"], ["83751.32000000", "0.04000000"], ["83750.72000000", "0.00000000"], ["83748.56000000", "0.10265000"], ["83748.55000000", "0.00000000"], ["83746.98000000", "0.04935000"], ["83746.54000000", "0.00000000"], ["83744.81000000", "0.14308000"], ["83742.01000000", "0.29383000"], ["83740.90000000", "0.09846000"], ["83740.45000000", "1.06401000"], ["83740.36000000", "0.10736000"], ["83739.25000000", "0.04650000"], ["83738.79000000", "0.09846000"], ["83737.47000000", "0.18837000"], ["83737.15000000", "0.39271000"], ["83737.14000000", "0.27309000"], ["83736.00000000", "0.24324000"], ["83735.58000000", "0.03897000"], ["83734.66000000", "0.00000000"], ["83733.04000000", "0.04650000"], ["83732.68000000", "0.05496000"], ["83732.38000000", "0.03897000"], ["83729.73000000", "0.05496000"], ["83729.23000000", "0.00019000"], ["83727.62000000", "0.00000000"], ["83727.06000000", "0.05496000"], ["83726.89000000", "0.05496000"], ["83726.30000000", "0.03897000"], ["83725.51000000", "0.04650000"], ["83725.18000000", "0.04650000"], ["83724.54000000", "0.00000000"], ["83723.51000000", "0.05496000"], ["83721.73000000", "0.05196000"], ["83721.67000000", "0.05496000"], ["83721.06000000", "0.05296000"], ["83720.83000000", "0.03897000"], ["83720.32000000", "0.00000000"], ["83720.29000000", "0.00000000"], ["83719.18000000", "0.05196000"], ["83718.84000000", "0.05196000"], ["83718.29000000", "0.11353000"], ["83718.08000000", "0.05296000"], ["83717.22000000", "0.05496000"], ["83717.00000000", "0.19996000"], ["83716.89000000", "0.05196000"], ["83716.69000000", "0.04197000"], ["83716.44000000", "0.04316000"], ["83716.37000000", "0.05496000"], ["83716.19000000", "0.05496000"], ["83716.02000000", "0.05196000"], ["83715.94000000", "0.05196000"], ["83715.72000000", "0.05196000"], ["83715.55000000", "0.00000000"], ["83714.96000000", "0.00181000"], ["83714.13000000", "0.00006000"], ["83713.80000000", "0.05296000"], ["83713.78000000", "0.05296000"], ["83713.19000000", "0.04896000"], ["83711.68000000", "0.05496000"], ["83711.29000000", "0.05196000"], ["83709.73000000", "0.04896000"], ["83709.19000000", "0.00000000"], ["83708.05000000", "0.05196000"], ["83707.79000000", "0.10092000"], ["83707.30000000", "0.05196000"], ["83704.54000000", "0.05296000"], ["83703.33000000", "0.03897000"], ["83703.05000000", "0.04896000"], ["83701.99000000", "0.00000000"], ["83701.39000000", "0.00000000"], ["83701.02000000", "0.08242000"], ["83700.54000000", "0.04197000"], ["83699.84000000", "0.04896000"], ["83698.99000000", "0.00000000"], ["83697.99000000", "0.00000000"], ["83697.21000000", "0.00006000"], ["83696.29000000", "0.08292000"], ["83696.24000000", "0.00000000"], ["83696.01000000", "0.00000000"], ["83692.64000000", "0.16762000"], ["83687.91000000", "0.00000000"], ["83686.24000000", "0.00112000"], ["83684.24000000", "0.16773000"], ["83674.92000000", "0.00000000"], ["83672.67000000", "0.00000000"], ["83665.01000000", "0.00066000"], ["83664.47000000", "0.00400000"], ["83659.19000000", "0.00000000"], ["83657.64000000", "0.00000000"], ["83654.01000000", "0.00023000"], ["83644.01000000", "0.00000000"], ["83636.38000000", "0.00175000"], ["83596.86000000", "0.00013000"], ["83592.67000000", "0.01452000"], ["83588.48000000", "0.00013000"], ["83584.29000000", "0.00013000"], ["83439.02000000", "0.00000000"], ["83436.71000000", "0.00000000"], ["83157.76000000", "0.00000000"], ["83045.38000000", "0.01623000"], ["82978.64000000", "0.40000000"], ["82970.28000000", "0.00000000"], ["82917.51000000", "0.00119000"], ["82917.50000000", "0.00000000"], ["82917.49000000", "0.02351000"], ["82904.32000000", "0.00569000"], ["82870.87000000", "0.00285000"], ["82596.73000000", "0.00100000"], ["80505.60000000", "0.03584000"], ["79501.88000000", "0.00000000"], ["75477.00000000", "0.00100000"], ["75472.00000000", "0.00013000"], ["75469.00000000", "0.00096000"], ["75468.00000000", "0.00020000"], ["67091.52000000", "0.00000000"], ["67086.96000000", "0.00000000"], ["67083.64000000", "0.00058000"], ["50316.57000000", "0.00000000"], ["33000.00000000", "2.93827000"], ["30191.19000000", "0.00020000"], ["30187.64000000", "0.00020000"], ["20002.00000000", "0.00000000"], ["20001.00000000", "0.01999000"]], "a": [["83854.56000000", "4.28729000"], ["83854.57000000", "0.00049000"], ["83855.11000000", "0.00007000"], ["83855.39000000", "0.00000000"], ["83855.99000000", "0.02899000"], ["83856.00000000", "0.00007000"], ["83856.01000000", "0.00000000"], ["83856.25000000", "0.00014000"], ["83857.91000000", "0.00938000"], ["83857.92000000", "0.00000000"], ["83857.94000000", "0.00014000"], ["83857.96000000", "0.00000000"], ["83858.01000000", "0.00000000"], ["83858.02000000", "0.00000000"], ["83858.07000000", "0.00000000"], ["83858.08000000", "0.00000000"], ["83858.13000000", "0.00000000"], ["83858.15000000", "0.00000000"], ["83858.40000000", "0.04770000"], ["83858.58000000", "0.00000000"], ["83858.69000000", "0.34923000"], ["83858.70000000", "0.47569000"], ["83858.71000000", "0.02507000"], ["83858.78000000", "0.00000000"], ["83858.80000000", "0.00500000"], ["83858.82000000", "0.00000000"], ["83858.83000000", "0.00000000"], ["83858.84000000", "0.12060000"], ["83858.85000000", "0.00000000"], ["83858.86000000", "0.00000000"], ["83859.13000000", "0.00000000"], ["83859.24000000", "0.00000000"], ["83859.25000000", "0.00000000"], ["83859.26000000", "0.00000000"], ["83859.29000000", "0.00000000"], ["83859.37000000", "0.00000000"], ["83859.38000000", "0.00202000"], ["83859.48000000", "0.04834000"], ["83859.56000000", "0.00000000"], ["83859.63000000", "0.00000000"], ["83859.73000000", "0.00000000"], ["83859.74000000", "0.00000000"], ["83860.01000000", "0.00000000"], ["83860.02000000", "0.00000000"], ["83860.08000000", "0.00000000"], ["83860.20000000", "0.00000000"], ["83860.21000000", "0.04000000"], ["83860.22000000", "0.00000000"], ["83860.30000000", "0.00000000"], ["83860.31000000", "0.00000000"], ["83860.32000000", "0.00000000"], ["83860.36000000", "0.00000000"], ["83860.47000000", "0.00000000"], ["83860.72000000", "0.16585000"], ["83861.49000000", "0.00119000"], ["83861.66000000", "0.17916000"], ["83861.86000000", "0.00000000"], ["83861.89000000", "0.00000000"], ["83862.00000000", "0.00000000"], ["83862.01000000", "0.00000000"], ["83862.02000000", "0.00000000"], ["83862.16000000", "0.00000000"], ["83862.85000000", "0.00000000"], ["83863.51000000", "0.00000000"], ["83863.70000000", "0.00000000"], ["83863.72000000", "0.00000000"], ["83863.80000000", "0.00000000"], ["83863.87000000", "0.00000000"], ["83863.89000000", "0.18825000"], ["83863.90000000", "0.32000000"], ["83863.95000000", "0.01500000"], ["83863.96000000", "0.00000000"], ["83863.97000000", "0.00000000"], ["83864.27000000", "0.00000000"], ["83864.29000000", "0.00000000"], ["83864.40000000", "0.00000000"], ["83864.41000000", "0.22256000"], ["83864.42000000", "0.00000000"], ["83864.69000000", "0.00000000"], ["83864.79000000", "0.00000000"], ["83864.80000000", "0.04770000"], ["83864.85000000", "0.00000000"], ["83865.03000000", "0.00013000"], ["83865.10000000", "0.00000000"], ["83865.78000000", "0.00119000"], ["83865.80000000", "0.00000000"], ["83866.01000000", "0.00000000"], ["83866.14000000", "0.12400000"], ["83866.35000000", "0.00000000"], ["83867.13000000", "0.00114000"], ["83867.14000000", "0.14000000"], ["83867.28000000", "0.02384000"], ["83867.37000000", "0.00006000"], ["83867.59000000", "0.00000000"], ["83867.92000000", "0.00000000"], ["83867.93000000", "0.87418000"], ["83867.94000000", "0.32400000"], ["83868.05000000", "0.17600000"], ["83868.07000000", "0.00000000"], ["83868.51000000", "0.00000000"], ["83868.56000000", "0.00000000"], ["83868.93000000", "0.00009000"], ["83868.94000000", "0.00000000"], ["83869.32000000", "0.00013000"], ["83869.34000000", "0.00000000"], ["83869.36000000", "0.46200000"], ["83870.04000000", "0.31101000"], ["83870.06000000", "0.02670000"], ["83870.16000000", "0.00000000"], ["83870.18000000", "0.05967000"], ["83870.21000000", "0.01192000"], ["83870.23000000", "0.00596000"], ["83870.56000000", "0.05967000"], ["83870.92000000", "0.00000000"], ["83871.17000000", "0.16000000"], ["83871.19000000", "0.00000000"], ["83871.33000000", "0.00000000"], ["83871.34000000", "0.00000000"], ["83871.46000000", "0.00000000"], ["83871.58000000", "0.00000000"], ["83872.15000000", "0.18000000"], ["83872.25000000", "0.16000000"], ["83872.31000000", "0.81306000"], ["83872.32000000", "0.35802000"], ["83872.51000000", "0.17600000"], ["83872.79000000", "0.00000000"], ["83873.34000000", "0.05083000"], ["83873.43000000", "0.00007000"], ["83874.16000000", "0.00016000"], ["83874.17000000", "0.17200000"], ["83874.23000000", "0.00352000"], ["83874.30000000", "0.00000000"], ["83874.31000000", "0.00000000"], ["83875.48000000", "0.00300000"], ["83875.50000000", "0.00000000"], ["83875.61000000", "0.00000000"], ["83875.82000000", "0.00000000"], ["83876.02000000", "0.00000000"], ["83876.25000000", "0.04000000"], ["83876.41000000", "0.08992000"], ["83876.68000000", "0.00000000"], ["83876.76000000", "0.00043000"], ["83876.77000000", "0.08350000"], ["83876.78000000", "0.00000000"], ["83876.98000000", "0.00059000"], ["83877.59000000", "0.00000000"], ["83877.70000000", "0.00578000"], ["83877.74000000", "0.05002000"], ["83877.75000000", "0.47114000"], ["83877.84000000", "0.00000000"], ["83878.30000000", "0.00000000"], ["83878.58000000", "0.00000000"], ["83878.59000000", "0.00000000"], ["83878.78000000", "0.00000000"], ["83879.71000000", "0.05967000"], ["83880.14000000", "0.00000000"], ["83880.27000000", "0.00000000"], ["83881.18000000", "0.00000000"], ["83881.20000000", "0.00000000"], ["83881.25000000", "0.00000000"], ["83881.78000000", "0.00000000"], ["83881.81000000", "0.00000000"], ["83881.82000000", "0.00000000"], ["83881.90000000", "0.00000000"], ["83882.14000000", "0.00000000"], ["83882.17000000", "0.00000000"], ["83882.39000000", "0.00000000"], ["83882.88000000", "0.00000000"], ["83882.89000000", "0.59657000"], ["83882.90000000", "0.00000000"], ["83882.97000000", "0.00000000"], ["83883.49000000", "0.50008000"], ["83883.97000000", "0.00000000"], ["83883.98000000", "0.00000000"], ["83884.03000000", "0.89505000"], ["83885.08000000", "0.00000000"], ["83886.25000000", "0.00000000"], ["83886.54000000", "0.12292000"], ["83886.82000000", "0.00000000"], ["83887.17000000", "0.00059000"], ["83887.22000000", "0.00000000"], ["83887.74000000", "0.00000000"], ["83888.96000000", "0.00000000"], ["83889.15000000", "0.25004000"], ["83889.56000000", "0.00000000"], ["83889.57000000", "0.00000000"], ["83890.14000000", "0.00000000"], ["83891.14000000", "0.00000000"], ["83891.47000000", "0.00825000"], ["83891.79000000", "0.00000000"], ["83891.98000000", "0.00596000"], ["83892.53000000", "0.00000000"], ["83892.67000000", "0.04158000"], ["83892.73000000", "0.00808000"], ["83894.86000000", "0.00000000"], ["83895.17000000", "0.00000000"], ["83895.21000000", "0.00000000"], ["83895.72000000", "0.00000000"], ["83897.26000000", "0.00000000"], ["83898.31000000", "0.85859000"], ["83898.44000000", "0.00000000"], ["83898.77000000", "0.00865000"], ["83899.89000000", "0.13264000"], ["83899.90000000", "0.00000000"], ["83900.69000000", "0.05954000"], ["83900.86000000", "0.00000000"], ["83901.43000000", "0.00358000"], ["83902.46000000", "0.00000000"], ["83904.38000000", "0.00000000"], ["83904.75000000", "0.00310000"], ["83904.82000000", "0.00000000"], ["83905.39000000", "0.00000000"], ["83905.87000000", "0.07861000"], ["83905.94000000", "0.00000000"], ["83906.34000000", "0.00000000"], ["83906.43000000", "0.00000000"], ["83906.53000000", "0.00000000"], ["83907.09000000", "0.00000000"], ["83908.95000000", "0.00000000"], ["83909.21000000", "0.00000000"], ["83909.62000000", "0.00000000"], ["83909.80000000", "0.34767000"], ["83910.21000000", "0.00000000"], ["83912.11000000", "0.00000000"], ["83913.76000000", "0.00000000"], ["83914.81000000", "0.00000000"], ["83915.16000000", "0.00941000"], ["83915.71000000", "0.05298000"], ["83916.52000000", "0.00000000"], ["83917.70000000", "1.06176000"], ["83919.93000000", "0.03234000"], ["83919.99000000", "0.00000000"], ["83921.60000000", "0.00297000"], ["83922.22000000", "0.59670000"], ["83927.49000000", "0.01882000"], ["83927.64000000", "0.00000000"], ["83931.28000000", "0.00000000"], ["83932.79000000", "0.00000000"], ["83932.86000000", "0.11502000"], ["83933.33000000", "0.20268000"], ["83933.95000000", "0.00000000"], ["83934.97000000", "0.00358000"], ["83935.04000000", "0.18000000"], ["83935.22000000", "0.00000000"], ["83947.31000000", "0.00000000"], ["83950.88000000", "0.00000000"], ["83953.10000000", "0.27142000"], ["83958.56000000", "0.00000000"], ["83982.82000000", "0.05496000"], ["83991.99000000", "0.00000000"], ["83992.70000000", "0.00000000"], ["83994.26000000", "0.00000000"], ["83995.39000000", "0.00000000"], ["83996.22000000", "0.00000000"], ["83996.70000000", "0.03897000"], ["83997.00000000", "0.04897000"], ["83997.10000000", "0.00000000"], ["83999.97000000", "0.00000000"], ["84000.42000000", "0.00000000"], ["84000.59000000", "0.00000000"], ["84001.88000000", "0.00000000"], ["84004.57000000", "0.00000000"], ["84004.66000000", "0.00000000"], ["84005.33000000", "0.00006000"], ["84010.98000000", "0.00000000"], ["84015.94000000", "0.00000000"], ["84025.14000000", "0.00000000"], ["84025.75000000", "0.01000000"], ["84028.05000000", "0.00000000"], ["84030.50000000", "0.99112000"], ["84031.96000000", "0.00000000"], ["84044.45000000", "0.00000000"], ["84096.70000000", "0.33069000"], ["84115.27000000", "0.00000000"], ["84130.96000000", "0.00000000"], ["84151.65000000", "0.16598000"], ["84155.17000000", "0.00000000"], ["84158.18000000", "0.00000000"], ["84160.03000000", "0.07684000"], ["84160.68000000", "0.00000000"], ["84164.17000000", "0.00000000"], ["84165.33000000", "0.00000000"], ["84167.31000000", "0.00000000"], ["84172.71000000", "0.00000000"], ["84178.27000000", "0.00000000"], ["84296.34000000", "0.00000000"], ["85010.41000000", "0.00000000"], ["85018.85000000", "0.60000000"], ["85122.38000000", "0.00000000"], ["85191.25000000", "0.17632000"], ["85212.50000000", "0.00000000"], ["85337.53000000", "0.00284000"], ["85454.41000000", "0.00568000"], ["85600.04000000", "0.00000000"], ["85634.00000000", "0.00000000"], ["150001.00000000", "0.00080000"]], "record_time": 1742543252.98913}
{"e": "depthUpdate", "E": 1742543254014, "s": "BTCUSDT", "U": 64599949916, "u": 64599950120, "b": [["83854.55000000", "0.86721000"], ["83854.54000000", "0.00048000"], ["83854.36000000", "0.00021000"], ["83854.35000000", "0.03437000"], ["83852.87000000", "0.00007000"], ["83852.04000000", "0.00000000"], ["83852.03000000", "0.00000000"], ["83852.00000000", "0.02841000"], ["83851.99000000", "0.30355000"], ["83851.98000000", "0.78754000"], ["83851.73000000", "0.00018000"], ["83851.72000000", "0.20051000"], ["83849.49000000", "0.07370000"], ["83849.36000000", "0.00000000"], ["83847.65000000", "0.00000000"], ["83846.16000000", "0.00000000"], ["83841.64000000", "0.00000000"], ["83840.99000000", "0.10886000"], ["83839.24000000", "0.00000000"], ["83835.72000000", "1.89505000"], ["83834.04000000", "0.00757000"], ["83830.62000000", "0.00877000"], ["83829.39000000", "0.00300000"], ["83822.86000000", "0.00000000"], ["83822.73000000", "0.00000000"], ["83822.63000000", "0.03579000"], ["83820.77000000", "0.84820000"], ["83812.62000000", "0.00059000"], ["83812.37000000", "0.00000000"], ["83808.84000000", "0.05196000"], ["83791.89000000", "0.03674000"], ["83778.24000000", "0.00000000"], ["83751.32000000", "0.00000000"], ["83750.00000000", "3.27569000"], ["83741.28000000", "0.71990000"], ["83729.23000000", "0.00000000"], ["83725.20000000", "0.00019000"], ["83715.83000000", "0.32761000"], ["83696.29000000", "0.08242000"], ["83695.15000000", "0.00000000"], ["83693.95000000", "0.00000000"], ["83693.40000000", "0.01000000"], ["83681.66000000", "0.00400000"], ["83664.47000000", "0.00000000"], ["83654.01000000", "0.00007000"], ["83650.03000000", "0.00016000"], ["83584.29000000", "0.00000000"], ["83439.03000000", "0.00119000"], ["83439.02000000", "0.00060000"], ["83439.01000000", "0.00000000"], ["83114.35000000", "0.00060000"], ["83114.34000000", "0.00000000"], ["82917.51000000", "0.00000000"], ["82852.49000000", "0.06004000"], ["82596.73000000", "0.00000000"], ["75469.00000000", "0.00096000"], ["75468.00000000", "0.00020000"], ["67083.64000000", "0.00058000"], ["33000.00000000", "2.93827000"]], "a": [["83854.56000000", "4.31181000"], ["83855.99000000", "0.01730000"], ["83857.94000000", "0.00014000"], ["83858.17000000", "0.00757000"], ["83860.21000000", "0.00000000"], ["83862.42000000", "0.00006000"], ["83862.95000000", "0.00300000"], ["83864.30000000", "0.00227000"], ["83865.40000000", "0.00500000"], ["83867.53000000", "0.00898000"], ["83867.92000000", "0.08350000"], ["83867.93000000", "0.42258000"], ["83868.58000000", "0.10886000"], ["83869.35000000", "0.05892000"], ["83870.06000000", "0.02443000"], ["83871.58000000", "1.60442000"], ["83871.59000000", "1.34859000"], ["83871.76000000", "1.00000000"], ["83872.31000000", "0.00006000"], ["83872.80000000", "0.00000000"], ["83873.34000000", "0.00000000"], ["83876.41000000", "0.00000000"], ["83877.75000000", "0.45000000"], ["83879.71000000", "0.11934000"], ["83879.72000000", "0.00300000"], ["83881.50000000", "0.00000000"], ["83882.91000000", "0.05083000"], ["83884.02000000", "1.14366000"], ["83886.78000000", "0.71645000"], ["83887.25000000", "0.00000000"], ["83888.16000000", "0.00000000"], ["83892.73000000", "0.05808000"], ["83894.80000000", "0.19954000"], ["83896.48000000", "0.00059000"], ["83897.52000000", "0.00000000"], ["83898.41000000", "0.00000000"], ["83905.19000000", "0.00000000"], ["83915.16000000", "0.00000000"], ["83916.44000000", "0.31234000"], ["83917.29000000", "0.00000000"], ["83917.35000000", "0.62304000"], ["83919.84000000", "0.00000000"], ["83924.51000000", "0.00941000"], ["83926.21000000", "0.01882000"], ["83927.49000000", "0.00000000"], ["83934.66000000", "0.00844000"], ["83954.40000000", "0.00000000"], ["83984.11000000", "0.12000000"], ["83986.58000000", "0.05008000"], ["84002.02000000", "0.00000000"], ["84111.08000000", "0.00000000"], ["85112.38000000", "0.00100000"]], "record_time": 1742543253.986088}
{"e": "depthUpdate", "E": 1742543255014, "s": "BTCUSDT", "U": 64599950121, "u": 64599950224, "b": [["83854.55000000", "0.86055000"], ["83854.36000000", "0.00007000"], ["83854.35000000", "0.00007000"], ["83852.00000000", "0.02834000"], ["83851.99000000", "0.00014000"], ["83851.72000000", "0.20058000"], ["83850.45000000", "0.02578000"], ["83850.00000000", "0.03880000"], ["83847.90000000", "0.00500000"], ["83846.32000000", "0.00000000"], ["83836.27000000", "0.00756000"], ["83834.04000000", "0.00000000"], ["83830.62000000", "0.00000000"], ["83829.40000000", "0.00059000"], ["83828.34000000", "0.00000000"], ["83827.11000000", "0.00000000"], ["83826.86000000", "1.38334000"], ["83822.63000000", "0.00000000"], ["83813.26000000", "0.05000000"], ["83811.59000000", "1.05066000"], ["83767.62000000", "0.01211000"], ["83761.94000000", "0.64296000"], ["83759.94000000", "1.84826000"], ["83749.09000000", "0.00000000"], ["83723.20000000", "0.18368000"], ["83693.40000000", "0.01000000"], ["83635.00000000", "0.00008000"], ["83439.11000000", "0.00119000"], ["83439.10000000", "0.00245000"], ["83439.03000000", "0.00000000"], ["82596.75000000", "0.00000000"], ["82596.74000000", "0.00000000"], ["82596.73000000", "0.00100000"], ["75469.00000000", "0.00096000"], ["75468.00000000", "0.00020000"], ["67083.64000000", "0.00058000"], ["33000.00000000", "2.93827000"], ["30187.64000000", "0.00060000"]], "a": [["83854.56000000", "4.36137000"], ["83856.25000000", "0.00945000"], ["83857.91000000", "0.00007000"], ["83857.94000000", "0.00007000"], ["83858.80000000", "0.00000000"], ["83869.35000000", "0.00000000"], ["83871.59000000", "0.00000000"], ["83872.55000000", "1.32769000"], ["83873.64000000", "0.89505000"], ["83875.61000000", "0.52809000"], ["83894.25000000", "0.00000000"], ["83901.69000000", "0.56669000"], ["83924.51000000", "0.00000000"], ["83926.21000000", "0.00000000"], ["83928.18000000", "0.09351000"], ["83928.34000000", "0.02823000"], ["84025.55000000", "0.01000000"], ["84025.75000000", "0.00000000"], ["85112.38000000", "0.00000000"], ["85500.00000000", "5.30296000"]], "record_time": 1742543254.991134}
{"e": "depthUpdate", "E": 1742543256014, "s": "BTCUSDT", "U": 64599950225, "u": 64599951573, "b": [["83854.55000000", "0.00000000"], ["83854.54000000", "0.00000000"], ["83854.36000000", "0.00000000"], ["83854.35000000", "0.00000000"], ["83853.28000000", "0.00000000"], ["83852.93000000", "0.00000000"], ["83852.89000000", "0.00000000"], ["83852.87000000", "0.00000000"], ["83852.01000000", "0.00000000"], ["83852.00000000", "0.00000000"], ["83851.99000000", "0.00000000"], ["83851.98000000", "0.00000000"], ["83851.97000000", "0.00000000"], ["83851.73000000", "0.00000000"], ["83851.72000000", "0.42996000"], ["83851.71000000", "0.00047000"], ["83851.64000000", "0.00209000"], ["83851.53000000", "0.00000000"], ["83851.37000000", "0.00007000"], ["83851.24000000", "0.00015000"], ["83851.20000000", "0.00007000"], ["83850.46000000", "0.00007000"], ["83850.45000000", "0.00007000"], ["83850.42000000", "0.00000000"], ["83850.41000000", "0.00012000"], ["83850.40000000", "0.00000000"], ["83850.36000000", "0.00007000"], ["83850.20000000", "0.00000000"], ["83850.11000000", "0.00000000"], ["83850.08000000", "0.00000000"], ["83850.07000000", "0.00000000"], ["83850.01000000", "0.00014000"], ["83850.00000000", "0.01067000"], ["83849.93000000", "0.00000000"], ["83849.72000000", "0.00000000"], ["83849.68000000", "0.00300000"], ["83849.51000000", "0.00007000"], ["83849.50000000", "0.00000000"], ["83849.49000000", "0.00000000"], ["83849.33000000", "0.00000000"], ["83849.27000000", "0.00000000"], ["83848.91000000", "0.00014000"], ["83848.90000000", "0.01043000"], ["83848.51000000", "0.00014000"], ["83848.50000000", "0.14221000"], ["83847.90000000", "0.00000000"], ["83847.87000000", "0.00014000"], ["83847.86000000", "0.02276000"], ["83847.83000000", "0.00000000"], ["83847.60000000", "0.00000000"], ["83847.22000000", "0.00031000"], ["83847.18000000", "0.00069000"], ["83847.17000000", "0.00221000"], ["83846.93000000", "0.00000000"], ["83846.79000000", "0.00000000"], ["83846.78000000", "0.01500000"], ["83846.54000000", "0.00016000"], ["83846.53000000", "0.00000000"], ["83846.34000000", "0.00000000"], ["83846.04000000", "0.00000000"], ["83846.03000000", "0.00000000"], ["83845.64000000", "0.01280000"], ["83845.60000000", "0.00000000"], ["83844.97000000", "0.00000000"], ["83844.52000000", "0.00000000"], ["83844.51000000", "0.00000000"], ["83844.11000000", "0.00000000"], ["83844.08000000", "0.00000000"], ["83843.85000000", "0.00000000"], ["83843.73000000", "0.01280000"], ["83843.66000000", "0.00000000"], ["83843.65000000", "0.00000000"], ["83843.51000000", "0.00502000"], ["83842.51000000", "0.00000000"], ["83842.50000000", "0.00000000"], ["83842.44000000", "0.00014000"], ["83842.43000000", "0.23634000"], ["83842.42000000", "0.78756000"], ["83841.89000000", "0.00000000"], ["83841.88000000", "0.10160000"], ["83841.61000000", "0.00000000"], ["83841.60000000", "0.15390000"], ["83841.50000000", "0.00000000"], ["83841.25000000", "0.00119000"], ["83841.19000000", "0.00000000"], ["83840.99000000", "0.00000000"], ["83840.98000000", "0.00000000"], ["83840.74000000", "0.00000000"], ["83840.21000000", "0.00000000"], ["83840.14000000", "0.00000000"], ["83840.13000000", "0.00000000"], ["83839.72000000", "0.00000000"], ["83839.45000000", "0.00000000"], ["83839.40000000", "0.05967000"], ["83839.39000000", "0.00000000"], ["83839.38000000", "0.00000000"], ["83839.27000000", "0.00000000"], ["83839.12000000", "0.00000000"], ["83838.90000000", "0.00300000"], ["83837.76000000", "0.00000000"], ["83837.71000000", "0.00000000"], ["83837.40000000", "0.17031000"], ["83837.39000000", "0.00000000"], ["83837.22000000", "0.00000000"], ["83837.21000000", "0.00000000"], ["83836.85000000", "0.00000000"], ["83836.84000000", "0.00000000"], ["83836.37000000", "0.00000000"], ["83836.27000000", "0.00000000"], ["83836.19000000", "0.00000000"], ["83836.17000000", "0.00000000"], ["83836.16000000", "0.00000000"], ["83836.02000000", "0.00000000"], ["83835.91000000", "0.10883000"], ["83835.72000000", "0.00000000"], ["83835.61000000", "0.04834000"], ["83835.32000000", "0.00000000"], ["83835.29000000", "0.00000000"], ["83835.21000000", "0.00000000"], ["83835.18000000", "0.00000000"], ["83835.09000000", "0.00000000"], ["83835.00000000", "0.04000000"], ["83834.64000000", "0.04000000"], ["83834.21000000", "0.00000000"], ["83833.99000000", "0.04000000"], ["83833.53000000", "0.00000000"], ["83833.52000000", "0.00000000"], ["83833.44000000", "0.00754000"], ["83833.34000000", "0.15785000"], ["83833.20000000", "0.04000000"], ["83833.19000000", "0.04000000"], ["83833.11000000", "0.00007000"], ["83833.07000000", "0.04000000"], ["83832.02000000", "0.02394000"], ["83831.83000000", "0.00000000"], ["83831.30000000", "0.00094000"], ["83831.01000000", "0.00091000"], ["83830.92000000", "0.08350000"], ["83830.84000000", "1.00000000"], ["83830.77000000", "0.00119000"], ["83830.72000000", "0.00091000"], ["83830.64000000", "0.04000000"], ["83830.43000000", "0.01192000"], ["83829.99000000", "0.00000000"], ["83829.98000000", "0.04000000"], ["83829.15000000", "0.59670000"], ["83828.98000000", "0.08000000"], ["83828.90000000", "0.04000000"], ["83828.85000000", "0.00000000"], ["83828.34000000", "0.89209000"], ["83828.33000000", "0.00000000"], ["83826.86000000", "0.00000000"], ["83826.85000000", "1.37014000"], ["83826.56000000", "0.00300000"], ["83826.40000000", "0.04770000"], ["83825.64000000", "0.00000000"], ["83825.19000000", "0.00000000"], ["83824.77000000", "0.73626000"], ["83824.40000000", "0.35802000"], ["83823.81000000", "0.01327000"], ["83822.72000000", "0.89505000"], ["83822.62000000", "0.00000000"], ["83821.03000000", "0.00000000"], ["83821.00000000", "0.97855000"], ["83820.23000000", "0.01192000"], ["83819.01000000", "0.89505000"], ["83818.93000000", "0.00000000"], ["83818.92000000", "0.00000000"], ["83818.74000000", "0.00000000"], ["83818.21000000", "0.00880000"], ["83817.50000000", "0.00000000"], ["83817.18000000", "0.03578000"], ["83816.84000000", "0.00000000"], ["83816.75000000", "0.00000000"], ["83816.25000000", "0.00000000"], ["83816.19000000", "1.66467000"], ["83815.42000000", "0.00000000"], ["83815.33000000", "0.00000000"], ["83814.52000000", "0.00000000"], ["83814.01000000", "0.59754000"], ["83813.93000000", "0.00000000"], ["83813.58000000", "0.89505000"], ["83813.47000000", "0.00000000"], ["83813.26000000", "0.00000000"], ["83813.03000000", "0.24531000"], ["83812.97000000", "0.85946000"], ["83812.68000000", "0.00000000"], ["83811.64000000", "0.89505000"], ["83811.59000000", "0.58421000"], ["83810.64000000", "0.11746000"], ["83810.39000000", "0.00000000"], ["83809.46000000", "0.00000000"], ["83809.42000000", "0.05963000"], ["83809.22000000", "0.00000000"], ["83808.84000000", "0.00000000"], ["83808.75000000", "0.24856000"], ["83807.97000000", "0.00000000"], ["83807.84000000", "0.37785000"], ["83807.76000000", "0.10493000"], ["83807.16000000", "0.00000000"], ["83806.97000000", "0.00000000"], ["83806.70000000", "0.00240000"], ["83806.47000000", "0.00000000"], ["83805.76000000", "0.00000000"], ["83805.36000000", "0.00000000"], ["83805.04000000", "0.76942000"], ["83803.92000000", "0.00000000"], ["83803.76000000", "0.05000000"], ["83803.73000000", "0.04000000"], ["83803.46000000", "0.85956000"], ["83803.25000000", "0.24532000"], ["83803.17000000", "0.00000000"], ["83802.95000000", "0.00000000"], ["83802.94000000", "0.00000000"], ["83802.12000000", "0.00000000"], ["83800.82000000", "0.09574000"], ["83800.39000000", "0.00000000"], ["83800.03000000", "0.18957000"], ["83798.92000000", "0.14069000"], ["83798.87000000", "0.00361000"], ["83798.63000000", "0.00000000"], ["83797.95000000", "0.00000000"], ["83797.53000000", "0.13419000"], ["83797.46000000", "0.85962000"], ["83794.48000000", "0.00000000"], ["83794.47000000", "0.00000000"], ["83793.84000000", "0.00000000"], ["83793.68000000", "0.00000000"], ["83793.22000000", "0.00000000"], ["83792.09000000", "0.00000000"], ["83791.89000000", "0.00000000"], ["83791.75000000", "0.00000000"], ["83791.36000000", "0.33168000"], ["83790.98000000", "0.00000000"], ["83789.75000000", "0.02680000"], ["83787.56000000", "0.00000000"], ["83786.28000000", "0.01500000"], ["83782.61000000", "0.41451000"], ["83782.60000000", "0.12168000"], ["83781.93000000", "0.02000000"], ["83781.73000000", "0.04000000"], ["83781.54000000", "0.00000000"], ["83781.28000000", "0.02829000"], ["83781.02000000", "0.00000000"], ["83780.51000000", "0.03674000"], ["83780.38000000", "0.00000000"], ["83780.06000000", "0.00000000"], ["83779.93000000", "0.08000000"], ["83778.28000000", "0.00821000"], ["83777.39000000", "0.00298000"], ["83777.03000000", "0.00850000"], ["83775.42000000", "0.00809000"], ["83774.22000000", "0.00000000"], ["83773.69000000", "0.16000000"], ["83771.09000000", "0.00000000"], ["83769.59000000", "0.00000000"], ["83768.02000000", "0.45000000"], ["83767.88000000", "0.00000000"], ["83767.62000000", "0.00000000"], ["83767.20000000", "0.00597000"], ["83765.84000000", "0.00000000"], ["83765.73000000", "0.00000000"], ["83761.94000000", "0.10108000"], ["83761.73000000", "0.00000000"], ["83760.93000000", "0.00000000"], ["83759.94000000", "0.00000000"], ["83758.90000000", "0.05245000"], ["83758.39000000", "0.00000000"], ["83757.45000000", "0.00000000"], ["83756.62000000", "0.00000000"], ["83756.07000000", "0.10258000"], ["83755.54000000", "0.00000000"], ["83755.42000000", "0.00000000"], ["83754.62000000", "0.00895000"], ["83754.09000000", "0.00000000"], ["83753.68000000", "0.10992000"], ["83751.33000000", "0.00000000"], ["83748.33000000", "0.04650000"], ["83746.98000000", "0.18959000"], ["83744.81000000", "0.23728000"], ["83744.80000000", "0.18504000"], ["83744.49000000", "0.01196000"], ["83744.21000000", "0.01194000"], ["83744.00000000", "0.04990000"], ["83742.01000000", "0.43453000"], ["83741.28000000", "0.76760000"], ["83740.90000000", "0.14496000"], ["83740.46000000", "0.00166000"], ["83740.12000000", "2.21257000"], ["83740.00000000", "0.04885000"], ["83739.25000000", "0.13950000"], ["83737.47000000", "0.28257000"], ["83736.00000000", "0.29094000"], ["83735.02000000", "0.01493000"], ["83733.04000000", "0.09420000"], ["83728.51000000", "0.04770000"], ["83726.53000000", "0.04650000"], ["83725.20000000", "0.00000000"], ["83722.21000000", "0.00019000"], ["83720.83000000", "0.00000000"], ["83720.00000000", "0.11126000"], ["83717.37000000", "0.05496000"], ["83716.44000000", "0.00119000"], ["83715.85000000", "0.42857000"], ["83715.83000000", "0.05196000"], ["83715.28000000", "0.05196000"], ["83714.00000000", "0.05496000"], ["83712.44000000", "0.05496000"], ["83711.78000000", "0.05296000"], ["83711.55000000", "0.05496000"], ["83711.31000000", "0.05196000"], ["83710.95000000", "0.05496000"], ["83710.82000000", "0.05196000"], ["83709.74000000", "0.05496000"], ["83709.02000000", "0.05496000"], ["83708.71000000", "0.05296000"], ["83708.51000000", "0.05196000"], ["83706.33000000", "0.04897000"], ["83705.60000000", "0.10992000"], ["83704.32000000", "0.05296000"], ["83704.25000000", "0.00006000"], ["83702.32000000", "0.04897000"], ["83700.06000000", "0.05296000"], ["83699.63000000", "0.05196000"], ["83699.07000000", "0.11598000"], ["83698.97000000", "0.03897000"], ["83698.46000000", "0.05196000"], ["83695.88000000", "0.05296000"], ["83695.52000000", "0.04197000"], ["83693.40000000", "0.00050000"], ["83688.71000000", "0.08267000"], ["83685.62000000", "0.00000000"], ["83681.66000000", "0.00000000"], ["83679.45000000", "0.16301000"], ["83675.60000000", "0.00000000"], ["83671.95000000", "0.00000000"], ["83656.00000000", "0.05402000"], ["83654.27000000", "0.00400000"], ["83650.03000000", "0.00000000"], ["83647.22000000", "0.00016000"], ["83600.01000000", "0.00105000"], ["83439.11000000", "0.00000000"], ["83431.59000000", "0.00000000"], ["82596.73000000", "0.00000000"], ["80505.61000000", "0.00000000"], ["80505.60000000", "0.00009000"], ["80488.80000000", "0.00164000"], ["76700.00000000", "8.31558000"], ["75468.01000000", "0.00000000"], ["75468.00000000", "0.00000000"], ["75466.01000000", "0.00119000"], ["75466.00000000", "0.00000000"], ["75465.00000000", "0.00048000"], ["67083.64000000", "0.00000000"], ["67081.38000000", "0.00058000"], ["50311.54000000", "0.00000000"], ["33000.00000000", "2.93827000"], ["30186.62000000", "0.00020000"]], "a": [["83851.73000000", "4.97561000"], ["83851.74000000", "0.00048000"], ["83851.83000000", "0.45518000"], ["83851.84000000", "0.00007000"], ["83851.87000000", "0.00000000"], ["83851.98000000", "0.78754000"], ["83851.99000000", "0.62931000"], ["83852.00000000", "0.07597000"], ["83852.01000000", "0.12067000"], ["83852.02000000", "0.00000000"], ["83852.19000000", "0.00000000"], ["83852.25000000", "0.00201000"], ["83852.44000000", "0.00000000"], ["83852.88000000", "0.00007000"], ["83852.90000000", "0.00000000"], ["83852.94000000", "0.00000000"], ["83853.29000000", "0.00000000"], ["83853.56000000", "0.00000000"], ["83854.00000000", "0.02820000"], ["83854.25000000", "0.15612000"], ["83854.36000000", "0.00000000"], ["83854.37000000", "0.00000000"], ["83854.41000000", "0.00000000"], ["83854.44000000", "0.00000000"], ["83854.54000000", "0.23543000"], ["83854.55000000", "0.45000000"], ["83854.56000000", "0.21091000"], ["83854.57000000", "0.00000000"], ["83854.84000000", "0.00000000"], ["83855.11000000", "0.00000000"], ["83855.32000000", "0.01500000"], ["83855.50000000", "0.00101000"], ["83855.62000000", "0.01500000"], ["83855.79000000", "0.00000000"], ["83855.99000000", "0.00760000"], ["83856.00000000", "0.00000000"], ["83856.11000000", "0.02507000"], ["83856.25000000", "0.00000000"], ["83856.63000000", "0.01000000"], ["83856.70000000", "0.17886000"], ["83857.14000000", "0.03577000"], ["83857.47000000", "0.00006000"], ["83857.81000000", "0.15508000"], ["83857.91000000", "0.00000000"], ["83857.94000000", "0.00000000"], ["83858.17000000", "0.00000000"], ["83858.28000000", "0.00013000"], ["83858.54000000", "0.00227000"], ["83858.69000000", "0.26686000"], ["83858.70000000", "0.02387000"], ["83858.71000000", "0.00000000"], ["83858.84000000", "0.00000000"], ["83858.92000000", "0.00119000"], ["83859.38000000", "0.00000000"], ["83859.41000000", "0.04578000"], ["83859.48000000", "0.00000000"], ["83859.52000000", "0.08992000"], ["83859.69000000", "0.00361000"], ["83859.94000000", "0.00016000"], ["83860.37000000", "0.00000000"], ["83860.50000000", "0.00009000"], ["83860.72000000", "0.00000000"], ["83861.49000000", "0.00000000"], ["83861.67000000", "0.12400000"], ["83861.79000000", "0.15200000"], ["83861.91000000", "0.17600000"], ["83862.10000000", "0.00575000"], ["83862.20000000", "0.00013000"], ["83862.66000000", "0.14000000"], ["83862.85000000", "0.02336000"], ["83863.48000000", "0.17200000"], ["83863.74000000", "0.08943000"], ["83863.89000000", "0.33795000"], ["83863.95000000", "0.00000000"], ["83864.30000000", "0.00000000"], ["83864.40000000", "0.00144000"], ["83865.40000000", "0.00500000"], ["83866.00000000", "0.17200000"], ["83866.02000000", "0.17600000"], ["83866.14000000", "0.00000000"], ["83866.22000000", "0.30692000"], ["83866.35000000", "0.00000000"], ["83866.71000000", "0.16000000"], ["83867.13000000", "0.00000000"], ["83867.14000000", "0.00000000"], ["83867.55000000", "0.04000000"], ["83867.68000000", "0.18000000"], ["83867.77000000", "0.46195000"], ["83867.78000000", "0.16000000"], ["83867.80000000", "1.00000000"], ["83867.93000000", "0.00000000"], ["83867.94000000", "0.00000000"], ["83868.05000000", "0.00000000"], ["83868.06000000", "0.00596000"], ["83868.50000000", "0.00059000"], ["83868.72000000", "0.05083000"], ["83868.78000000", "0.05967000"], ["83869.22000000", "0.00000000"], ["83869.23000000", "0.05967000"], ["83869.29000000", "0.02899000"], ["83869.36000000", "0.45200000"], ["83869.45000000", "0.00880000"], ["83870.34000000", "0.05962000"], ["83870.45000000", "0.00029000"], ["83871.17000000", "0.00000000"], ["83871.52000000", "0.08992000"], ["83871.58000000", "1.60442000"], ["83871.76000000", "0.00000000"], ["83872.15000000", "0.00000000"], ["83872.25000000", "0.00000000"], ["83872.51000000", "0.00000000"], ["83873.37000000", "0.00000000"], ["83873.40000000", "0.04848000"], ["83874.16000000", "0.00016000"], ["83874.17000000", "0.00000000"], ["83874.23000000", "0.00000000"], ["83874.52000000", "0.89505000"], ["83874.76000000", "0.71645000"], ["83874.77000000", "0.85883000"], ["83875.54000000", "0.00000000"], ["83875.87000000", "0.56821000"], ["83876.25000000", "0.00000000"], ["83876.38000000", "0.00000000"], ["83876.89000000", "0.10064000"], ["83876.98000000", "0.00000000"], ["83877.11000000", "0.05000000"], ["83877.70000000", "0.00000000"], ["83878.07000000", "0.89505000"], ["83878.94000000", "0.12414000"], ["83879.71000000", "0.00000000"], ["83879.72000000", "0.00000000"], ["83879.95000000", "0.59661000"], ["83879.96000000", "0.80495000"], ["83879.97000000", "0.71645000"], ["83879.98000000", "0.00000000"], ["83880.98000000", "0.85877000"], ["83881.21000000", "0.00000000"], ["83882.01000000", "0.28284000"], ["83882.89000000", "0.00000000"], ["83882.91000000", "0.00000000"], ["83882.92000000", "0.00000000"], ["83885.67000000", "0.00000000"], ["83886.54000000", "0.00000000"], ["83887.01000000", "0.17200000"], ["83887.17000000", "0.00000000"], ["83887.64000000", "0.00000000"], ["83887.99000000", "0.00000000"], ["83890.43000000", "0.00809000"], ["83890.85000000", "0.00000000"], ["83892.21000000", "0.83224000"], ["83892.73000000", "0.00808000"], ["83893.33000000", "0.04651000"], ["83893.34000000", "0.02358000"], ["83894.09000000", "0.00000000"], ["83894.10000000", "0.05896000"], ["83894.79000000", "0.04650000"], ["83896.26000000", "0.00000000"], ["83897.35000000", "0.01196000"], ["83897.93000000", "0.00000000"], ["83898.14000000", "0.00000000"], ["83898.22000000", "0.00000000"], ["83898.31000000", "0.00000000"], ["83898.40000000", "0.00000000"], ["83898.75000000", "0.05296000"], ["83898.76000000", "0.05296000"], ["83899.89000000", "0.00000000"], ["83899.91000000", "0.00000000"], ["83900.69000000", "0.00000000"], ["83903.58000000", "0.19584000"], ["83903.90000000", "0.17600000"], ["83905.00000000", "0.00000000"], ["83905.55000000", "0.00144000"], ["83905.84000000", "0.00000000"], ["83906.94000000", "0.00000000"], ["83907.50000000", "0.00120000"], ["83907.51000000", "0.06309000"], ["83908.22000000", "0.00000000"], ["83909.01000000", "0.04197000"], ["83913.42000000", "0.67314000"], ["83915.54000000", "0.56548000"], ["83921.61000000", "0.00000000"], ["83930.62000000", "0.12827000"], ["83930.81000000", "0.17200000"], ["83930.82000000", "0.15200000"], ["83932.79000000", "0.00041000"], ["83934.04000000", "0.16000000"], ["83934.70000000", "0.00298000"], ["83943.09000000", "0.00597000"], ["83943.86000000", "0.05496000"], ["83946.63000000", "0.00000000"], ["83946.64000000", "0.00000000"], ["83946.66000000", "0.00000000"], ["83948.84000000", "0.05496000"], ["83949.08000000", "0.84789000"], ["83951.48000000", "0.00895000"], ["83951.99000000", "0.05496000"], ["83957.27000000", "0.00000000"], ["83959.86000000", "0.04650000"], ["83960.06000000", "0.01194000"], ["83967.68000000", "0.00000000"], ["83968.50000000", "0.01493000"], ["83971.50000000", "0.00000000"], ["83972.59000000", "0.02504000"], ["83972.80000000", "0.09965000"], ["83978.86000000", "0.00000000"], ["83980.21000000", "0.00000000"], ["83982.61000000", "2.26015000"], ["83986.58000000", "0.02504000"], ["83986.82000000", "0.00000000"], ["83988.35000000", "0.00000000"], ["83988.84000000", "0.00000000"], ["83990.89000000", "0.00000000"], ["83991.02000000", "0.00000000"], ["83996.74000000", "0.00000000"], ["83999.87000000", "0.05196000"], ["84000.32000000", "0.00000000"], ["84001.21000000", "0.00000000"], ["84001.41000000", "0.00000000"], ["84002.00000000", "0.00000000"], ["84004.10000000", "0.00000000"], ["84005.33000000", "0.00000000"], ["84008.97000000", "0.00035000"], ["84011.62000000", "0.04197000"], ["84013.04000000", "0.00000000"], ["84013.76000000", "0.00000000"], ["84020.03000000", "0.00000000"], ["84020.13000000", "0.01000000"], ["84021.46000000", "0.00000000"], ["84025.55000000", "0.00000000"], ["84107.38000000", "0.00000000"], ["84271.00000000", "1.35066000"], ["84341.30000000", "0.00000000"], ["84503.92000000", "0.05966000"], ["84537.44000000", "0.00000000"], ["85109.51000000", "0.00100000"]], "record_time": 1742543255.987997}
{"e": "depthUpdate", "E": 1742543257014, "s": "BTCUSDT", "U": 64599951574, "u": 64599951891, "b": [["83851.72000000", "0.99361000"], ["83851.64000000", "0.00223000"], ["83851.63000000", "0.17351000"], ["83850.46000000", "0.00007000"], ["83850.45000000", "0.00000000"], ["83850.36000000", "0.00000000"], ["83850.29000000", "0.00000000"], ["83850.28000000", "0.00000000"], ["83850.01000000", "0.00000000"], ["83850.00000000", "0.01067000"], ["83849.51000000", "0.00007000"], ["83849.44000000", "0.00000000"], ["83849.43000000", "0.00000000"], ["83848.91000000", "0.00000000"], ["83848.90000000", "0.00736000"], ["83848.51000000", "0.00000000"], ["83848.50000000", "0.00000000"], ["83848.03000000", "0.02572000"], ["83847.87000000", "0.00000000"], ["83847.86000000", "0.02276000"], ["83847.83000000", "0.00007000"], ["83847.50000000", "0.00500000"], ["83846.78000000", "0.03000000"], ["83846.54000000", "0.00000000"], ["83845.64000000", "0.02597000"], ["83845.60000000", "0.04770000"], ["83844.83000000", "0.00014000"], ["83844.82000000", "0.24163000"], ["83844.81000000", "0.78754000"], ["83843.73000000", "0.00000000"], ["83843.33000000", "0.00000000"], ["83842.85000000", "0.04834000"], ["83842.44000000", "0.00000000"], ["83842.43000000", "0.00000000"], ["83842.42000000", "0.00000000"], ["83842.34000000", "0.00000000"], ["83839.85000000", "0.00000000"], ["83839.43000000", "0.08341000"], ["83838.90000000", "0.00000000"], ["83837.40000000", "0.36985000"], ["83835.90000000", "0.71645000"], ["83835.61000000", "0.00000000"], ["83835.32000000", "0.03382000"], ["83832.92000000", "0.35802000"], ["83832.02000000", "0.02359000"], ["83825.54000000", "0.00000000"], ["83824.40000000", "0.00000000"], ["83816.93000000", "0.02827000"], ["83811.65000000", "1.00000000"], ["83811.59000000", "0.04000000"], ["83810.24000000", "0.05808000"], ["83807.66000000", "0.00000000"], ["83804.21000000", "0.00000000"], ["83803.76000000", "0.00000000"], ["83799.33000000", "0.35802000"], ["83781.28000000", "0.00000000"], ["83777.90000000", "0.00000000"], ["83768.81000000", "0.28329000"], ["83768.13000000", "0.03467000"], ["83748.63000000", "1.84832000"], ["83741.28000000", "1.46036000"], ["83722.21000000", "0.00019000"], ["83707.42000000", "0.18402000"], ["83660.24000000", "0.00400000"], ["83654.27000000", "0.00000000"], ["83648.00000000", "0.00353000"], ["83647.22000000", "0.00016000"], ["83434.17000000", "0.00000000"], ["83432.35000000", "0.00000000"], ["83317.01000000", "0.00119000"], ["83317.00000000", "0.00480000"], ["83013.20000000", "0.00000000"], ["82852.49000000", "0.00000000"], ["82593.94000000", "0.00520000"], ["75547.88000000", "0.00000000"], ["75466.55000000", "0.00016000"], ["75466.03000000", "0.00000000"], ["75466.02000000", "0.00000000"], ["75466.01000000", "0.00000000"], ["75466.00000000", "0.00000000"], ["75465.00000000", "0.00048000"], ["67081.38000000", "0.00058000"], ["33000.00000000", "2.93827000"], ["30186.62000000", "0.00040000"]], "a": [["83851.73000000", "4.85044000"], ["83854.25000000", "0.00000000"], ["83854.27000000", "0.15612000"], ["83854.53000000", "0.02700000"], ["83854.54000000", "0.32507000"], ["83854.56000000", "0.18977000"], ["83855.09000000", "0.04834000"], ["83856.70000000", "0.00000000"], ["83857.14000000", "0.03577000"], ["83857.45000000", "0.17886000"], ["83859.52000000", "0.00000000"], ["83867.77000000", "0.72209000"], ["83868.06000000", "0.00000000"], ["83868.72000000", "0.00000000"], ["83868.78000000", "0.00000000"], ["83873.40000000", "0.00000000"], ["83874.77000000", "0.00000000"], ["83875.61000000", "0.93506000"], ["83877.11000000", "0.00000000"], ["83878.20000000", "0.05083000"], ["83882.80000000", "0.15200000"], ["83883.19000000", "0.04848000"], ["83885.43000000", "0.05000000"], ["83892.51000000", "0.85865000"], ["83917.34000000", "0.00844000"], ["83930.82000000", "0.00000000"], ["83932.78000000", "0.00041000"], ["83932.79000000", "0.00000000"], ["83934.08000000", "0.00000000"], ["83934.66000000", "0.00000000"], ["83935.02000000", "0.00000000"], ["83954.77000000", "0.05496000"], ["83957.82000000", "0.05496000"], ["83960.82000000", "0.05496000"], ["83964.74000000", "0.05196000"], ["83965.01000000", "0.05496000"], ["83968.10000000", "0.05196000"], ["83968.37000000", "0.05296000"], ["83969.16000000", "0.10147000"], ["83971.13000000", "0.05196000"], ["83971.16000000", "0.10792000"], ["83971.95000000", "0.05496000"], ["83974.55000000", "0.05196000"], ["83974.72000000", "0.05496000"], ["83975.36000000", "0.10493000"], ["83977.55000000", "0.05196000"], ["83978.53000000", "0.05496000"], ["83980.66000000", "0.05196000"], ["83982.76000000", "0.04897000"], ["83982.82000000", "0.00000000"], ["83983.11000000", "0.05196000"], ["83983.24000000", "0.00000000"], ["83984.48000000", "0.00000000"], ["83985.95000000", "0.00000000"], ["83986.29000000", "0.00000000"], ["83988.08000000", "0.00000000"], ["83989.50000000", "0.00000000"], ["83990.22000000", "0.00000000"], ["83996.98000000", "0.00000000"], ["83997.01000000", "0.00000000"], ["83997.37000000", "0.00000000"], ["83999.87000000", "0.00000000"], ["83999.88000000", "0.00000000"], ["84001.09000000", "0.00000000"], ["84002.03000000", "0.00000000"], ["84002.62000000", "0.00000000"], ["84002.85000000", "0.00000000"], ["84005.87000000", "0.00000000"], ["84007.99000000", "0.00035000"], ["84008.97000000", "0.00000000"], ["84013.46000000", "0.99566000"], ["84030.50000000", "0.00007000"], ["84229.00000000", "0.00308000"], ["85109.51000000", "0.00000000"]], "record_time": 1742543256.986371}
{"e": "depthUpdate", "E": 1742543258014, "s": "BTCUSDT", "U": 64599951892, "u": 64599952025, "b": [["83851.72000000", "0.98882000"], ["83848.80000000", "0.00000000"], ["83847.86000000", "0.02276000"], ["83847.50000000", "0.01000000"], ["83846.00000000", "0.02820000"], ["83845.62000000", "0.00008000"], ["83844.82000000", "0.24163000"], ["83843.33000000", "0.00000000"], ["83838.80000000", "0.00000000"], ["83833.44000000", "0.00000000"], ["83831.16000000", "0.00760000"], ["83826.85000000", "0.00000000"], ["83819.78000000", "0.00008000"], ["83819.42000000", "1.32430000"], ["83817.94000000", "0.85941000"], ["83816.93000000", "0.00000000"], ["83807.66000000", "0.00000000"], ["83803.47000000", "0.73961000"], ["83797.46000000", "0.00000000"], ["83781.45000000", "0.02829000"], ["83770.69000000", "0.00011000"], ["83749.24000000", "1.23715000"], ["83596.75000000", "0.01868000"], ["83434.64000000", "0.00000000"], ["83434.48000000", "0.00119000"], ["83433.15000000", "0.00000000"], ["83317.01000000", "0.00000000"], ["82593.94000000", "0.00420000"], ["80505.60000000", "0.03584000"], ["76700.00000000", "8.31279000"], ["75466.00000000", "0.00000000"], ["75465.02000000", "0.00000000"], ["75465.01000000", "0.00000000"], ["75465.00000000", "0.00048000"], ["67081.39000000", "0.00000000"], ["67081.38000000", "0.00058000"], ["33000.00000000", "2.93827000"], ["30186.62000000", "0.00060000"], ["20002.00000000", "0.00000000"], ["20001.00000000", "0.01999000"]], "a": [["83851.73000000", "4.88968000"], ["83852.00000000", "0.02827000"], ["83854.54000000", "0.15511000"], ["83854.55000000", "0.05892000"], ["83854.56000000", "0.19033000"], ["83857.14000000", "0.00000000"], ["83857.45000000", "0.00000000"], ["83860.12000000", "0.45000000"], ["83864.40000000", "0.00144000"], ["83865.40000000", "0.00000000"], ["83867.66000000", "1.21092000"], ["83867.67000000", "1.37341000"], ["83867.77000000", "0.00000000"], ["83871.52000000", "0.00000000"], ["83871.58000000", "1.18163000"], ["83872.55000000", "0.00000000"], ["83874.40000000", "0.00000000"], ["83874.51000000", "0.71645000"], ["83874.76000000", "0.00000000"], ["83877.16000000", "0.05967000"], ["83879.72000000", "0.01868000"], ["83881.75000000", "0.00480000"], ["83886.60000000", "0.00000000"], ["83893.32000000", "0.00154000"], ["83893.34000000", "0.00000000"], ["83896.79000000", "0.50839000"], ["83897.22000000", "0.02825000"], ["83917.32000000", "0.05979000"], ["83928.34000000", "0.00000000"], ["83932.77000000", "0.00000000"], ["83932.78000000", "0.00000000"], ["83932.79000000", "0.00000000"], ["83978.50000000", "0.12000000"], ["83980.74000000", "0.00000000"], ["83999.37000000", "0.00000000"], ["84007.98000000", "0.00000000"], ["84007.99000000", "0.00000000"], ["85109.51000000", "0.00100000"]], "record_time": 1742543257.986543}
{"e": "depthUpdate", "E": 1742543259014, "s": "BTCUSDT", "U": 64599952026, "u": 64599952226, "b": [["83851.72000000", "0.98382000"], ["83851.71000000", "0.00047000"], ["83851.65000000", "0.00007000"], ["83851.64000000", "0.00223000"], ["83851.20000000", "0.00007000"], ["83850.46000000", "0.00000000"], ["83847.86000000", "0.02276000"], ["83847.50000000", "0.00500000"], ["83843.33000000", "0.00000000"], ["83829.33000000", "0.02440000"], ["83825.54000000", "0.00902000"], ["83820.77000000", "1.26609000"], ["83807.66000000", "0.00000000"], ["83801.14000000", "0.28312000"], ["83793.20000000", "0.47839000"], ["83792.14000000", "0.02829000"], ["83781.45000000", "0.00000000"], ["83768.81000000", "0.60548000"], ["83767.60000000", "1.13297000"], ["83722.21000000", "0.00019000"], ["83647.22000000", "0.00016000"], ["83628.28000000", "0.01133000"], ["83596.75000000", "0.00000000"], ["83435.40000000", "0.01742000"], ["83435.15000000", "0.00000000"], ["83434.48000000", "0.00000000"], ["82593.95000000", "0.00000000"], ["82593.94000000", "0.00520000"], ["75466.00000000", "0.00000000"], ["75465.01000000", "0.00000000"], ["75465.00000000", "0.00048000"], ["67081.38000000", "0.00058000"], ["33000.00000000", "2.93827000"], ["30186.62000000", "0.00080000"]], "a": [["83851.73000000", "4.88303000"], ["83852.00000000", "0.07597000"], ["83854.55000000", "0.00000000"], ["83858.30000000", "0.00500000"], ["83858.69000000", "0.37493000"], ["83861.08000000", "0.03579000"], ["83874.51000000", "0.71645000"], ["83888.56000000", "0.00000000"], ["83892.21000000", "1.11644000"], ["83893.31000000", "0.02653000"], ["83893.32000000", "0.00000000"], ["83897.22000000", "0.00000000"], ["83900.96000000", "0.02825000"], ["83932.79000000", "0.00041000"], ["83976.28000000", "0.05296000"], ["83977.01000000", "0.10065000"], ["83978.13000000", "0.05196000"], ["83978.15000000", "0.05196000"], ["83979.01000000", "0.05496000"], ["83979.53000000", "0.00000000"], ["83980.16000000", "0.00000000"], ["83981.23000000", "0.05196000"], ["83981.32000000", "0.05196000"], ["83983.29000000", "0.05196000"], ["83983.63000000", "0.05196000"], ["83993.54000000", "0.00000000"], ["83996.31000000", "0.05196000"], ["83997.32000000", "0.00000000"], ["83998.13000000", "0.00000000"], ["83998.37000000", "0.00000000"], ["83998.49000000", "0.00000000"], ["83999.40000000", "0.00000000"], ["84007.99000000", "0.00035000"], ["84019.93000000", "0.01000000"], ["84020.13000000", "0.00000000"], ["85000.00000000", "11.11322000"], ["85109.51000000", "0.00000000"]], "record_time": 1742543258.986017}
{"e": "depthUpdate", "E": 1742543260014, "s": "BTCUSDT", "U": 64599952227, "u": 64599952423, "b": [["83851.72000000", "1.63329000"], ["83847.50000000", "0.00000000"], ["83844.82000000", "0.24163000"], ["83843.33000000", "0.00000000"], ["83830.44000000", "0.00000000"], ["83807.74000000", "0.63704000"], ["83803.58000000", "0.00000000"], ["83722.21000000", "0.00019000"], ["83700.00000000", "7.00583000"], ["83699.44000000", "0.00000000"], ["83693.40000000", "0.00050000"], ["83682.66000000", "0.05966000"], ["83665.30000000", "0.00400000"], ["83660.24000000", "0.00000000"], ["83647.22000000", "0.00016000"], ["83435.40000000", "0.01623000"], ["83434.76000000", "0.00000000"], ["82593.94000000", "0.00420000"], ["76700.00000000", "8.31768000"], ["75466.00000000", "0.00000000"], ["75465.01000000", "0.00119000"], ["75465.00000000", "0.00048000"], ["67081.38000000", "0.00058000"], ["42000.00000000", "6.85273000"], ["33000.00000000", "2.93827000"]], "a": [["83851.73000000", "4.86194000"], ["83852.00000000", "0.02827000"], ["83861.08000000", "0.00000000"], ["83865.40000000", "0.00500000"], ["83874.51000000", "0.00000000"], ["83938.77000000", "0.60395000"], ["83940.90000000", "0.92905000"], ["83979.01000000", "0.00000000"], ["83996.40000000", "0.00000000"], ["83996.64000000", "0.00000000"], ["84019.53000000", "0.01000000"], ["84019.93000000", "0.00000000"], ["85109.51000000", "0.00100000"]], "record_time": 1742543260.005127}
{"e": "depthUpdate", "E": 1742543261014, "s": "BTCUSDT", "U": 64599952424, "u": 64599952834, "b": [["83851.72000000", "2.82825000"], ["83851.65000000", "0.00021000"], ["83851.64000000", "0.34511000"], ["83851.63000000", "0.17351000"], ["83851.37000000", "0.00007000"], ["83851.34000000", "0.06223000"], ["83851.24000000", "0.00015000"], ["83851.20000000", "0.00000000"], ["83850.00000000", "0.03887000"], ["83849.51000000", "0.00000000"], ["83849.43000000", "0.00014000"], ["83849.42000000", "0.78750000"], ["83848.89000000", "0.04834000"], ["83848.82000000", "0.00000000"], ["83848.03000000", "0.00000000"], ["83847.86000000", "0.02269000"], ["83847.06000000", "0.00000000"], ["83845.88000000", "0.00000000"], ["83845.64000000", "0.00000000"], ["83844.83000000", "0.00000000"], ["83844.82000000", "0.14738000"], ["83844.81000000", "0.00000000"], ["83843.34000000", "0.00000000"], ["83843.33000000", "0.45000000"], ["83842.85000000", "0.00000000"], ["83842.01000000", "0.02385000"], ["83841.88000000", "0.33382000"], ["83841.60000000", "0.00000000"], ["83841.19000000", "0.71645000"], ["83840.01000000", "0.04000000"], ["83839.45000000", "0.17916000"], ["83839.44000000", "0.08350000"], ["83839.38000000", "0.04000000"], ["83839.09000000", "0.08992000"], ["83838.58000000", "0.04000000"], ["83838.20000000", "0.04000000"], ["83838.10000000", "0.04000000"], ["83836.03000000", "0.04000000"], ["83835.00000000", "0.00000000"], ["83834.99000000", "0.04000000"], ["83834.37000000", "0.04000000"], ["83834.36000000", "0.04000000"], ["83834.28000000", "0.04000000"], ["83833.99000000", "0.00000000"], ["83833.20000000", "0.00000000"], ["83833.19000000", "0.00000000"], ["83833.07000000", "0.00000000"], ["83831.17000000", "0.00000000"], ["83830.84000000", "0.00000000"], ["83830.64000000", "0.00000000"], ["83829.98000000", "0.00000000"], ["83828.98000000", "0.00000000"], ["83828.90000000", "0.00000000"], ["83828.47000000", "0.05962000"], ["83826.41000000", "0.59656000"], ["83825.90000000", "0.08992000"], ["83823.88000000", "0.85935000"], ["83814.84000000", "0.12573000"], ["83814.01000000", "0.00091000"], ["83811.62000000", "0.00000000"], ["83810.64000000", "0.00000000"], ["83807.22000000", "0.03674000"], ["83805.04000000", "0.98926000"], ["83803.46000000", "0.00000000"], ["83803.25000000", "0.35124000"], ["83802.01000000", "0.00236000"], ["83799.34000000", "0.34926000"], ["83793.86000000", "0.00000000"], ["83791.19000000", "0.00000000"], ["83781.61000000", "0.03467000"], ["83780.51000000", "0.00000000"], ["83777.62000000", "0.00000000"], ["83768.13000000", "0.00000000"], ["83746.99000000", "0.00236000"], ["83711.55000000", "0.00000000"], ["83709.02000000", "0.00000000"], ["83705.60000000", "0.00000000"], ["83700.06000000", "0.00000000"], ["83697.45000000", "0.00400000"], ["83695.88000000", "0.00000000"], ["83691.63000000", "0.00000000"], ["83665.30000000", "0.00000000"], ["83440.09000000", "0.00000000"], ["83438.96000000", "0.00119000"], ["83435.62000000", "0.00000000"], ["83435.08000000", "0.00000000"], ["83434.97000000", "0.00000000"], ["83434.87000000", "0.00000000"], ["83434.86000000", "0.00000000"], ["83411.50000000", "0.00011000"], ["83392.07000000", "0.00000000"], ["83229.54000000", "0.00000000"], ["82800.00000000", "3.58664000"], ["82593.94000000", "0.00520000"], ["75466.00000000", "0.00000000"], ["75465.06000000", "0.00000000"], ["75465.05000000", "0.00000000"], ["75465.04000000", "0.00000000"], ["75465.03000000", "0.00000000"], ["75465.02000000", "0.00000000"], ["75465.01000000", "0.00000000"], ["75465.00000000", "0.00048000"], ["67081.38000000", "0.00058000"], ["60000.00000000", "71.72575000"], ["42000.00000000", "6.85173000"], ["33000.01000000", "0.00000000"], ["33000.00000000", "2.93827000"]], "a": [["83851.73000000", "2.00319000"], ["83851.74000000", "0.03974000"], ["83851.79000000", "0.00000000"], ["83851.82000000", "0.00007000"], ["83851.83000000", "0.00007000"], ["83851.84000000", "0.00007000"], ["83851.86000000", "0.00007000"], ["83851.97000000", "0.00007000"], ["83851.98000000", "0.00000000"], ["83851.99000000", "0.00000000"], ["83852.00000000", "0.00000000"], ["83852.01000000", "0.00000000"], ["83852.25000000", "0.00208000"], ["83852.51000000", "0.00000000"], ["83852.79000000", "0.00014000"], ["83852.80000000", "0.05920000"], ["83852.81000000", "0.16861000"], ["83852.88000000", "0.00000000"], ["83852.98000000", "0.00000000"], ["83853.99000000", "0.00000000"], ["83854.27000000", "0.00000000"], ["83854.48000000", "0.00000000"], ["83854.53000000", "0.00000000"], ["83854.54000000", "0.04952000"], ["83854.55000000", "0.00000000"], ["83854.56000000", "0.03622000"], ["83855.09000000", "0.00000000"], ["83856.98000000", "0.00000000"], ["83856.99000000", "0.00000000"], ["83857.81000000", "0.00000000"], ["83858.30000000", "0.00500000"], ["83858.59000000", "0.00000000"], ["83858.68000000", "0.00014000"], ["83861.08000000", "0.00000000"], ["83861.66000000", "0.17916000"], ["83861.67000000", "0.12400000"], ["83861.68000000", "0.03579000"], ["83862.37000000", "0.15612000"], ["83862.94000000", "0.04834000"], ["83863.22000000", "0.10869000"], ["83863.74000000", "0.00000000"], ["83865.35000000", "0.15508000"], ["83866.94000000", "0.02700000"], ["83867.66000000", "0.40276000"], ["83867.67000000", "0.00000000"], ["83867.80000000", "0.00000000"], ["83867.92000000", "0.00000000"], ["83868.58000000", "0.00000000"], ["83869.23000000", "0.00000000"], ["83869.45000000", "0.00000000"], ["83870.34000000", "0.00000000"], ["83872.10000000", "1.38438000"], ["83872.32000000", "0.00000000"], ["83876.57000000", "0.35802000"], ["83876.89000000", "0.05061000"], ["83877.16000000", "0.11934000"], ["83877.32000000", "0.00880000"], ["83877.71000000", "0.00000000"], ["83878.20000000", "0.37790000"], ["83879.95000000", "0.00000000"], ["83879.96000000", "0.37942000"], ["83879.97000000", "0.00000000"], ["83880.98000000", "0.00000000"], ["83881.44000000", "0.85876000"], ["83881.88000000", "0.00000000"], ["83883.19000000", "0.00000000"], ["83885.43000000", "0.00000000"], ["83888.16000000", "0.59656000"], ["83890.86000000", "0.00000000"], ["83891.18000000", "0.02358000"], ["83891.60000000", "0.00000000"], ["83892.51000000", "0.00000000"], ["83892.65000000", "0.05083000"], ["83893.31000000", "0.00000000"], ["83897.34000000", "0.85860000"], ["83900.69000000", "0.04848000"], ["83905.74000000", "0.56624000"], ["83907.30000000", "0.00000000"], ["83912.13000000", "0.00799000"], ["83917.34000000", "0.00000000"], ["83927.14000000", "0.00844000"], ["83930.62000000", "0.00000000"], ["83932.79000000", "0.00000000"], ["83938.77000000", "0.41160000"], ["83940.90000000", "0.00000000"], ["83956.17000000", "0.12827000"], ["83972.59000000", "0.00000000"], ["83978.53000000", "0.00000000"], ["83979.59000000", "0.05496000"], ["83981.55000000", "0.05196000"], ["83983.76000000", "0.09393000"], ["83983.94000000", "0.06701000"], ["83986.16000000", "0.00000000"], ["83986.58000000", "0.00000000"], ["83994.13000000", "0.00000000"], ["83996.31000000", "0.00000000"], ["84007.99000000", "0.00000000"], ["84013.46000000", "0.00000000"], ["84014.36000000", "0.99599000"], ["84019.43000000", "0.00000000"], ["84019.51000000", "0.03897000"], ["84019.53000000", "0.00000000"], ["84020.33000000", "0.00000000"], ["84020.73000000", "0.01000000"], ["85109.51000000", "0.00000000"], ["85191.25000000", "0.00000000"], ["85212.50000000", "0.17631000"], ["85250.10000000", "0.00119000"], ["150001.00000000", "0.00084000"]], "record_time": 1742543261.044051}
{"e": "depthUpdate", "E": 1742543262014, "s": "BTCUSDT", "U": 64599952835, "u": 64599955026, "b": [["83857.46000000", "4.01763000"], ["83857.45000000", "0.00047000"], ["83857.44000000", "0.00101000"], ["83857.28000000", "0.50980000"], ["83857.27000000", "0.00014000"], ["83857.26000000", "0.49866000"], ["83857.10000000", "0.35982000"], ["83856.78000000", "0.00000000"], ["83856.75000000", "0.00007000"], ["83856.73000000", "0.00000000"], ["83856.64000000", "0.78750000"], ["83856.63000000", "0.00000000"], ["83856.26000000", "0.00007000"], ["83856.00000000", "0.02820000"], ["83855.98000000", "0.00000000"], ["83855.97000000", "0.00000000"], ["83855.72000000", "0.00000000"], ["83855.58000000", "0.00000000"], ["83855.57000000", "0.15468000"], ["83855.56000000", "0.00000000"], ["83855.49000000", "0.00000000"], ["83855.39000000", "0.02391000"], ["83854.55000000", "0.00000000"], ["83854.53000000", "0.00000000"], ["83854.52000000", "0.00000000"], ["83854.42000000", "0.00000000"], ["83854.41000000", "0.00000000"], ["83854.28000000", "0.75897000"], ["83854.27000000", "0.00000000"], ["83854.26000000", "0.75680000"], ["83854.25000000", "0.00000000"], ["83854.16000000", "0.00000000"], ["83854.15000000", "0.00000000"], ["83854.14000000", "0.00000000"], ["83854.11000000", "0.00000000"], ["83854.09000000", "0.00000000"], ["83854.00000000", "0.02820000"], ["83853.99000000", "0.00000000"], ["83853.92000000", "0.35968000"], ["83853.79000000", "0.00000000"], ["83853.64000000", "0.00000000"], ["83853.39000000", "0.02268000"], ["83852.97000000", "0.00000000"], ["83852.94000000", "0.00000000"], ["83852.89000000", "0.00000000"], ["83852.88000000", "0.00000000"], ["83852.87000000", "0.00000000"], ["83852.80000000", "0.00021000"], ["83852.79000000", "0.03576000"], ["83852.76000000", "0.00000000"], ["83852.24000000", "0.00000000"], ["83852.02000000", "0.00000000"], ["83852.00000000", "0.07590000"], ["83851.88000000", "0.00000000"], ["83851.85000000", "0.00000000"], ["83851.83000000", "0.00000000"], ["83851.82000000", "0.00000000"], ["83851.81000000", "0.00000000"], ["83851.78000000", "0.00000000"], ["83851.77000000", "0.00000000"], ["83851.76000000", "0.48576000"], ["83851.75000000", "0.00000000"], ["83851.74000000", "0.00000000"], ["83851.73000000", "0.79995000"], ["83851.72000000", "0.07669000"], ["83851.71000000", "0.00072000"], ["83851.65000000", "0.00000000"], ["83851.64000000", "0.00202000"], ["83851.63000000", "0.00000000"], ["83851.52000000", "0.00000000"], ["83851.51000000", "0.00000000"], ["83851.37000000", "0.00000000"], ["83851.34000000", "0.00000000"], ["83851.24000000", "0.00000000"], ["83850.58000000", "0.00000000"], ["83850.41000000", "0.00000000"], ["83850.09000000", "0.00000000"], ["83850.04000000", "0.00000000"], ["83850.01000000", "0.62413000"], ["83850.00000000", "0.03880000"], ["83849.81000000", "0.03580000"], ["83849.43000000", "0.00000000"], ["83849.42000000", "0.00000000"], ["83848.90000000", "0.00736000"], ["83848.89000000", "0.00000000"], ["83848.01000000", "0.17916000"], ["83847.92000000", "0.00000000"], ["83847.87000000", "0.00000000"], ["83847.86000000", "0.00000000"], ["83847.83000000", "0.00000000"], ["83847.28000000", "0.15785000"], ["83847.22000000", "0.00000000"], ["83847.18000000", "0.00000000"], ["83846.99000000", "0.00013000"], ["83846.78000000", "0.89505000"], ["83846.68000000", "0.71645000"], ["83846.62000000", "0.34474000"], ["83845.54000000", "0.00000000"], ["83845.52000000", "0.54855000"], ["83845.51000000", "0.89505000"], ["83845.37000000", "0.02331000"], ["83845.16000000", "0.05967000"], ["83845.10000000", "0.00119000"], ["83844.82000000", "0.00000000"], ["83844.27000000", "0.04000000"], ["83843.42000000", "0.04000000"], ["83843.32000000", "0.04000000"], ["83842.26000000", "0.00000000"], ["83842.21000000", "0.35802000"], ["83842.02000000", "0.00000000"], ["83841.88000000", "0.66970000"], ["83841.25000000", "0.00000000"], ["83841.12000000", "0.89505000"], ["83840.59000000", "0.00000000"], ["83839.50000000", "0.59670000"], ["83839.40000000", "0.00000000"], ["83839.23000000", "0.04000000"], ["83838.90000000", "0.00300000"], ["83838.86000000", "0.00759000"], ["83838.20000000", "0.00000000"], ["83838.10000000", "0.00000000"], ["83837.56000000", "0.00000000"], ["83837.54000000", "0.00000000"], ["83837.41000000", "0.59648000"], ["83837.40000000", "0.68127000"], ["83837.15000000", "0.01192000"], ["83837.08000000", "0.00065000"], ["83836.97000000", "0.00000000"], ["83836.44000000", "0.00119000"], ["83835.40000000", "0.00000000"], ["83835.32000000", "0.00000000"], ["83835.20000000", "0.05976000"], ["83834.52000000", "0.85924000"], ["83833.98000000", "0.00000000"], ["83833.34000000", "0.00000000"], ["83832.92000000", "0.00000000"], ["83832.75000000", "0.00006000"], ["83832.02000000", "0.00000000"], ["83831.30000000", "0.00000000"], ["83831.16000000", "0.00000000"], ["83831.01000000", "0.00000000"], ["83830.72000000", "0.00000000"], ["83829.15000000", "0.00000000"], ["83828.82000000", "0.85930000"], ["83828.53000000", "0.25024000"], ["83828.34000000", "1.41813000"], ["83826.60000000", "0.00000000"], ["83826.41000000", "0.00000000"], ["83825.36000000", "1.37900000"], ["83824.01000000", "0.12420000"], ["83823.28000000", "0.02829000"], ["83822.82000000", "0.00058000"], ["83820.56000000", "0.00000000"], ["83820.36000000", "0.00000000"], ["83820.23000000", "0.00000000"], ["83819.42000000", "0.00000000"], ["83819.04000000", "0.00000000"], ["83817.73000000", "0.28306000"], ["83816.19000000", "0.00000000"], ["83815.56000000", "0.00583000"], ["83815.33000000", "0.10994000"], ["83815.06000000", "0.00000000"], ["83814.84000000", "0.00260000"], ["83814.44000000", "0.00000000"], ["83814.25000000", "0.00000000"], ["83813.77000000", "0.00000000"], ["83813.03000000", "0.30028000"], ["83812.97000000", "0.00000000"], ["83812.93000000", "0.00351000"], ["83811.80000000", "0.35802000"], ["83810.75000000", "0.21487000"], ["83810.56000000", "0.00000000"], ["83810.33000000", "0.03674000"], ["83810.24000000", "0.00000000"], ["83809.42000000", "0.22451000"], ["83807.84000000", "0.48279000"], ["83807.45000000", "0.05297000"], ["83807.22000000", "0.05297000"], ["83806.93000000", "0.32890000"], ["83806.45000000", "0.55394000"], ["83805.28000000", "0.02680000"], ["83805.04000000", "1.55792000"], ["83803.92000000", "0.04897000"], ["83802.07000000", "0.00000000"], ["83801.14000000", "0.00000000"], ["83800.82000000", "0.08992000"], ["83800.03000000", "0.33648000"], ["83799.34000000", "0.04897000"], ["83799.33000000", "0.00000000"], ["83799.03000000", "0.03467000"], ["83798.87000000", "0.00000000"], ["83797.66000000", "0.00807000"], ["83797.58000000", "0.59670000"], ["83796.55000000", "0.00000000"], ["83794.65000000", "0.85449000"], ["83794.64000000", "0.13950000"], ["83793.58000000", "0.06000000"], ["83793.20000000", "0.00000000"], ["83792.99000000", "0.47736000"], ["83792.32000000", "0.00814000"], ["83792.14000000", "0.00000000"], ["83791.48000000", "0.00859000"], ["83791.36000000", "0.00000000"], ["83790.59000000", "0.05486000"], ["83789.75000000", "0.00000000"], ["83789.64000000", "0.00000000"], ["83789.51000000", "0.00816000"], ["83787.94000000", "0.00000000"], ["83786.81000000", "0.05245000"], ["83786.28000000", "0.00000000"], ["83784.98000000", "0.00000000"], ["83784.18000000", "1.13275000"], ["83783.24000000", "0.03579000"], ["83781.93000000", "0.00000000"], ["83781.73000000", "0.00000000"], ["83781.61000000", "0.00000000"], ["83778.28000000", "0.00000000"], ["83777.62000000", "0.04000000"], ["83777.03000000", "0.00000000"], ["83775.42000000", "0.00000000"], ["83773.06000000", "0.01213000"], ["83768.81000000", "0.15560000"], ["83768.02000000", "0.00000000"], ["83767.60000000", "0.00000000"], ["83766.46000000", "0.00000000"], ["83758.90000000", "0.00000000"], ["83753.59000000", "0.01196000"], ["83749.24000000", "0.66172000"], ["83748.63000000", "0.00000000"], ["83744.49000000", "0.00000000"], ["83743.38000000", "0.00000000"], ["83737.41000000", "0.00000000"], ["83734.47000000", "0.00400000"], ["83722.93000000", "0.14089000"], ["83722.84000000", "0.15044000"], ["83720.00000000", "0.05630000"], ["83719.18000000", "0.00000000"], ["83717.37000000", "0.00000000"], ["83717.22000000", "0.10693000"], ["83716.89000000", "0.00000000"], ["83716.28000000", "0.00000000"], ["83716.19000000", "0.00000000"], ["83715.28000000", "0.00000000"], ["83714.15000000", "0.00000000"], ["83713.80000000", "0.00000000"], ["83713.78000000", "0.00000000"], ["83712.44000000", "0.00000000"], ["83711.78000000", "0.00000000"], ["83711.68000000", "0.00000000"], ["83711.31000000", "0.00000000"], ["83710.82000000", "0.00000000"], ["83709.73000000", "0.00000000"], ["83708.76000000", "0.00000000"], ["83708.71000000", "0.00000000"], ["83708.51000000", "0.00000000"], ["83708.05000000", "0.00000000"], ["83707.79000000", "0.00000000"], ["83707.42000000", "0.13146000"], ["83706.33000000", "0.00000000"], ["83704.54000000", "0.00000000"], ["83704.32000000", "0.00000000"], ["83703.05000000", "0.00000000"], ["83702.67000000", "0.00000000"], ["83702.32000000", "0.00000000"], ["83700.00000000", "7.00631000"], ["83699.84000000", "0.00000000"], ["83699.63000000", "0.00000000"], ["83698.46000000", "0.00000000"], ["83697.45000000", "0.00000000"], ["83697.21000000", "0.00000000"], ["83693.40000000", "0.01000000"], ["83684.24000000", "0.00141000"], ["83684.18000000", "0.00000000"], ["83679.45000000", "0.00000000"], ["83677.69000000", "0.07909000"], ["83439.85000000", "0.00119000"], ["83439.84000000", "0.00000000"], ["83439.83000000", "0.00000000"], ["83439.82000000", "0.00000000"], ["83438.96000000", "0.00000000"], ["82593.94000000", "0.00420000"], ["75466.00000000", "0.00000000"], ["75465.01000000", "0.00000000"], ["75465.00000000", "0.00048000"], ["67085.97000000", "0.00058000"], ["67081.38000000", "0.00000000"], ["60000.00000000", "71.72565000"], ["50001.00000000", "1.82097000"], ["33000.00000000", "2.93827000"]], "a": [["83851.73000000", "0.00000000"], ["83851.74000000", "0.00000000"], ["83851.77000000", "0.00000000"], ["83851.78000000", "0.00000000"], ["83851.82000000", "0.00000000"], ["83851.83000000", "0.00000000"], ["83851.84000000", "0.00000000"], ["83851.86000000", "0.00000000"], ["83851.97000000", "0.00000000"], ["83852.03000000", "0.00000000"], ["83852.25000000", "0.00000000"], ["83852.79000000", "0.00000000"], ["83852.80000000", "0.00000000"], ["83852.81000000", "0.00000000"], ["83852.88000000", "0.00000000"], ["83853.65000000", "0.00000000"], ["83853.85000000", "0.00000000"], ["83853.99000000", "0.00000000"], ["83854.00000000", "0.00000000"], ["83854.03000000", "0.00000000"], ["83854.04000000", "0.00000000"], ["83854.16000000", "0.00000000"], ["83854.26000000", "0.00000000"], ["83854.27000000", "0.00000000"], ["83854.28000000", "0.00000000"], ["83854.53000000", "0.00000000"], ["83854.54000000", "0.00000000"], ["83854.55000000", "0.00000000"], ["83854.56000000", "0.00000000"], ["83854.57000000", "0.00000000"], ["83855.32000000", "0.00000000"], ["83855.50000000", "0.00000000"], ["83855.57000000", "0.00000000"], ["83855.58000000", "0.00000000"], ["83855.59000000", "0.00000000"], ["83855.60000000", "0.00000000"], ["83855.62000000", "0.00000000"], ["83855.98000000", "0.00000000"], ["83855.99000000", "0.00000000"], ["83856.11000000", "0.00000000"], ["83856.25000000", "0.00000000"], ["83856.63000000", "0.00000000"], ["83856.64000000", "0.00000000"], ["83857.27000000", "0.00000000"], ["83857.47000000", "0.05271000"], ["83857.48000000", "0.00058000"], ["83857.63000000", "0.00007000"], ["83857.64000000", "0.00007000"], ["83857.94000000", "0.00007000"], ["83858.02000000", "0.00000000"], ["83858.04000000", "0.00007000"], ["83858.05000000", "0.00000000"], ["83858.06000000", "0.00000000"], ["83858.22000000", "0.00000000"], ["83858.28000000", "0.00000000"], ["83858.30000000", "0.00000000"], ["83858.36000000", "0.00000000"], ["83858.40000000", "0.00000000"], ["83858.43000000", "0.00000000"], ["83858.44000000", "0.00000000"], ["83858.50000000", "0.00015000"], ["83858.54000000", "0.00234000"], ["83858.56000000", "0.00000000"], ["83858.58000000", "0.00000000"], ["83858.59000000", "0.00000000"], ["83858.60000000", "0.00000000"], ["83858.68000000", "0.00000000"], ["83858.69000000", "0.00000000"], ["83858.70000000", "0.00000000"], ["83858.79000000", "0.00007000"], ["83858.92000000", "0.00000000"], ["83858.93000000", "0.00000000"], ["83858.94000000", "0.00000000"], ["83859.40000000", "0.00014000"], ["83859.50000000", "0.00000000"], ["83859.52000000", "0.00000000"], ["83859.63000000", "0.00007000"], ["83859.69000000", "0.00000000"], ["83859.76000000", "0.00000000"], ["83859.82000000", "0.00000000"], ["83859.94000000", "0.00000000"], ["83860.01000000", "0.00000000"], ["83860.02000000", "0.00014000"], ["83860.03000000", "0.11023000"], ["83860.04000000", "0.08000000"], ["83860.12000000", "0.00000000"], ["83860.13000000", "0.00000000"], ["83860.32000000", "0.00000000"], ["83860.33000000", "0.00014000"], ["83860.34000000", "0.12000000"], ["83860.50000000", "0.00000000"], ["83860.59000000", "0.00007000"], ["83860.60000000", "0.17332000"], ["83860.66000000", "0.00000000"], ["83860.73000000", "0.01272000"], ["83861.04000000", "0.00000000"], ["83861.09000000", "0.00000000"], ["83861.32000000", "0.00000000"], ["83861.39000000", "0.00757000"], ["83861.48000000", "0.00000000"], ["83861.54000000", "0.02507000"], ["83861.62000000", "0.00000000"], ["83861.66000000", "0.00000000"], ["83861.67000000", "0.00000000"], ["83861.68000000", "0.00000000"], ["83861.76000000", "0.00000000"], ["83861.77000000", "0.00000000"], ["83861.79000000", "0.00000000"], ["83861.91000000", "0.00000000"], ["83861.96000000", "0.00000000"], ["83862.10000000", "0.00000000"], ["83862.37000000", "0.00000000"], ["83862.42000000", "0.00000000"], ["83862.66000000", "0.00000000"], ["83862.76000000", "0.00931000"], ["83862.77000000", "0.00417000"], ["83862.78000000", "0.00000000"], ["83862.79000000", "0.00000000"], ["83862.83000000", "0.01279000"], ["83862.85000000", "0.00000000"], ["83862.94000000", "0.00000000"], ["83863.22000000", "0.00000000"], ["83863.48000000", "0.00000000"], ["83863.56000000", "0.00000000"], ["83863.73000000", "0.00000000"], ["83863.88000000", "0.00000000"], ["83863.89000000", "0.09776000"], ["83863.90000000", "0.00000000"], ["83864.20000000", "0.00119000"], ["83864.40000000", "0.00000000"], ["83864.41000000", "0.03371000"], ["83864.80000000", "0.00000000"], ["83865.03000000", "0.00013000"], ["83865.35000000", "0.00000000"], ["83865.36000000", "0.00000000"], ["83865.40000000", "0.00500000"], ["83865.48000000", "0.00000000"], ["83865.49000000", "0.00000000"], ["83865.63000000", "0.00000000"], ["83865.76000000", "0.00000000"], ["83865.78000000", "0.00000000"], ["83865.96000000", "0.00000000"], ["83866.00000000", "0.00000000"], ["83866.02000000", "0.00000000"], ["83866.22000000", "0.00000000"], ["83866.71000000", "0.00000000"], ["83866.88000000", "0.00000000"], ["83866.89000000", "0.32000000"], ["83866.94000000", "0.00000000"], ["83867.04000000", "0.00000000"], ["83867.17000000", "0.00000000"], ["83867.28000000", "0.00000000"], ["83867.53000000", "0.00000000"], ["83867.55000000", "0.00000000"], ["83867.61000000", "0.00000000"], ["83867.62000000", "0.00000000"], ["83867.64000000", "0.00007000"], ["83867.66000000", "0.18905000"], ["83867.68000000", "0.00000000"], ["83867.73000000", "0.01500000"], ["83867.78000000", "0.00000000"], ["83868.06000000", "0.01500000"], ["83868.08000000", "0.12400000"], ["83868.25000000", "0.00000000"], ["83868.48000000", "0.00000000"], ["83868.88000000", "0.00000000"], ["83869.28000000", "0.00000000"], ["83869.36000000", "0.00200000"], ["83869.45000000", "0.00119000"], ["83870.03000000", "0.00234000"], ["83870.15000000", "0.00000000"], ["83870.21000000", "0.00000000"], ["83870.23000000", "0.00000000"], ["83870.56000000", "0.00000000"], ["83871.58000000", "0.54920000"], ["83871.82000000", "0.00000000"], ["83872.10000000", "0.00000000"], ["83872.19000000", "0.00000000"], ["83872.44000000", "0.00013000"], ["83872.51000000", "0.10879000"], ["83872.79000000", "0.00000000"], ["83873.55000000", "0.15612000"], ["83873.65000000", "0.04000000"], ["83874.04000000", "0.04834000"], ["83874.07000000", "0.01192000"], ["83874.08000000", "0.15200000"], ["83874.16000000", "0.00000000"], ["83874.19000000", "0.17600000"], ["83874.32000000", "0.00000000"], ["83874.44000000", "0.00016000"], ["83874.96000000", "0.00000000"], ["83874.99000000", "0.15508000"], ["83875.54000000", "0.00352000"], ["83875.61000000", "0.00000000"], ["83875.62000000", "0.00000000"], ["83875.87000000", "0.00000000"], ["83875.94000000", "0.00000000"], ["83876.33000000", "0.00000000"], ["83876.56000000", "0.66797000"], ["83876.57000000", "0.00000000"], ["83876.61000000", "0.00583000"], ["83876.62000000", "0.17600000"], ["83876.77000000", "0.00000000"], ["83876.89000000", "0.00059000"], ["83877.16000000", "0.00000000"], ["83877.31000000", "0.16000000"], ["83877.32000000", "0.00000000"], ["83877.59000000", "0.00016000"], ["83877.74000000", "0.00000000"], ["83877.89000000", "1.32017000"], ["83878.29000000", "0.17200000"], ["83878.94000000", "0.00000000"], ["83879.72000000", "0.00000000"], ["83879.96000000", "0.53829000"], ["83880.73000000", "0.00000000"], ["83881.14000000", "0.00000000"], ["83881.44000000", "0.00000000"], ["83881.56000000", "0.20467000"], ["83881.75000000", "0.00000000"], ["83882.01000000", "0.00000000"], ["83882.42000000", "0.05967000"], ["83882.80000000", "0.00000000"], ["83883.54000000", "0.30413000"], ["83883.73000000", "0.00000000"], ["83883.78000000", "0.00000000"], ["83884.02000000", "0.00000000"], ["83884.03000000", "0.00000000"], ["83884.78000000", "0.14000000"], ["83885.51000000", "0.35802000"], ["83885.59000000", "0.17200000"], ["83886.78000000", "0.00000000"], ["83886.87000000", "0.00000000"], ["83888.14000000", "0.17600000"], ["83888.16000000", "0.00000000"], ["83888.29000000", "0.00000000"], ["83888.44000000", "0.11903000"], ["83888.82000000", "0.00000000"], ["83888.92000000", "0.00540000"], ["83889.49000000", "0.89505000"], ["83889.78000000", "0.00880000"], ["83889.79000000", "0.18000000"], ["83889.89000000", "0.16000000"], ["83890.13000000", "0.89505000"], ["83890.43000000", "0.00000000"], ["83890.76000000", "0.71645000"], ["83890.77000000", "0.89505000"], ["83891.47000000", "0.00000000"], ["83891.81000000", "0.00000000"], ["83891.90000000", "0.00000000"], ["83891.98000000", "0.00000000"], ["83892.21000000", "0.73922000"], ["83892.54000000", "0.00000000"], ["83892.65000000", "0.00000000"], ["83892.67000000", "0.00000000"], ["83892.73000000", "0.00000000"], ["83892.74000000", "0.00000000"], ["83893.33000000", "0.00000000"], ["83894.10000000", "0.00000000"], ["83894.24000000", "0.00000000"], ["83894.79000000", "0.00000000"], ["83895.83000000", "0.71645000"], ["83897.35000000", "0.00000000"], ["83897.70000000", "0.00000000"], ["83898.31000000", "0.00000000"], ["83898.74000000", "0.59648000"], ["83898.77000000", "0.00000000"], ["83898.91000000", "0.00300000"], ["83899.34000000", "0.00358000"], ["83900.21000000", "0.89505000"], ["83900.69000000", "0.00000000"], ["83900.96000000", "0.00000000"], ["83901.43000000", "0.00000000"], ["83901.69000000", "0.83881000"], ["83902.67000000", "0.05083000"], ["83902.70000000", "0.00807000"], ["83903.09000000", "0.85854000"], ["83903.38000000", "0.04158000"], ["83903.58000000", "0.00000000"], ["83904.32000000", "0.00816000"], ["83904.33000000", "0.00808000"], ["83905.55000000", "0.00000000"], ["83906.40000000", "0.56821000"], ["83906.82000000", "0.00000000"], ["83907.51000000", "0.02112000"], ["83908.95000000", "0.00000000"], ["83909.01000000", "0.00000000"], ["83909.37000000", "0.00000000"], ["83910.19000000", "0.00856000"], ["83910.22000000", "0.00000000"], ["83910.50000000", "0.04848000"], ["83911.91000000", "0.00805000"], ["83911.92000000", "0.00000000"], ["83915.54000000", "0.00000000"], ["83922.11000000", "0.00000000"], ["83922.20000000", "0.00143000"], ["83928.18000000", "0.04784000"], ["83928.49000000", "0.01883000"], ["83928.99000000", "0.12400000"], ["83929.00000000", "0.00000000"], ["83930.01000000", "0.14000000"], ["83930.19000000", "0.00000000"], ["83930.81000000", "0.17200000"], ["83930.82000000", "0.15200000"], ["83932.88000000", "0.00358000"], ["83933.36000000", "0.17600000"], ["83934.01000000", "0.00942000"], ["83934.97000000", "0.00000000"], ["83935.02000000", "0.17200000"], ["83935.04000000", "0.18000000"], ["83946.63000000", "0.17600000"], ["83971.50000000", "0.00013000"], ["83972.50000000", "0.04651000"], ["83974.46000000", "0.09302000"], ["83976.47000000", "0.04897000"], ["83978.31000000", "0.04897000"], ["83978.60000000", "0.04651000"], ["83980.20000000", "1.57647000"], ["83983.87000000", "0.10393000"], ["83986.34000000", "0.08847000"], ["83987.49000000", "0.04897000"], ["83992.39000000", "0.04197000"], ["84005.33000000", "0.00006000"], ["84006.02000000", "0.00148000"], ["84017.68000000", "0.00006000"], ["84020.73000000", "0.00000000"], ["84021.03000000", "0.00000000"], ["84022.64000000", "0.00000000"], ["84022.94000000", "0.00000000"], ["84024.84000000", "0.01000000"], ["84084.83000000", "0.00000000"], ["84503.92000000", "0.00000000"], ["84537.44000000", "0.05966000"], ["84690.23000000", "0.00000000"], ["84700.00000000", "0.12326000"], ["85109.51000000", "0.00100000"], ["85212.50000000", "0.05878000"], ["150001.00000000", "0.00080000"]], "record_time": 1742543261.988149}
