{"arg": {"channel": "books", "instId": "BTC-USDT"}, "action": "snapshot", "data": [{"asks": [["83553.7", "2.09746757", "0", "26"], ["83553.8", "0.1", "0", "1"], ["83553.9", "0.25122194", "0", "3"], ["83554", "0.53968075", "0", "2"], ["83554.1", "0.10471446", "0", "3"], ["83554.6", "0.00171265", "0", "1"], ["83556.3", "0.0002", "0", "2"], ["83556.4", "0.012", "0", "1"], ["83556.5", "0.00897", "0", "1"], ["83557.8", "0.00897", "0", "1"], ["83558.3", "0.00777928", "0", "1"], ["83559", "0.23939447", "0", "1"], ["83559.1", "0.19815648", "0", "1"], ["83559.2", "0.05584247", "0", "1"], ["83560", "0.20874362", "0", "2"], ["83560.2", "0.0007425", "0", "1"], ["83561", "0.04", "0", "1"], ["83561.2", "0.35905", "0", "1"], ["83562", "0.002", "0", "1"], ["83562.1", "0.005", "0", "1"], ["83562.4", "0.00001501", "0", "1"], ["83562.8", "0.02692", "0", "1"], ["83563.3", "0.23883849", "0", "2"], ["83563.6", "0.00001205", "0", "1"], ["83564", "0.35972754", "0", "1"], ["83564.1", "0.14992025", "0", "2"], ["83564.2", "0.20953", "0", "2"], ["83564.5", "0.00777884", "0", "1"], ["83566.6", "0.09663454", "0", "1"], ["83566.8", "0.08991011", "0", "1"], ["83567.3", "0.01196682", "0", "1"], ["83567.4", "0.12", "0", "4"], ["83567.7", "0.0910977", "0", "1"], ["83567.9", "0.93974302", "0", "2"], ["83568", "0.0905681", "0", "1"], ["83568.1", "0.03604266", "0", "1"], ["83568.4", "0.00425986", "0", "1"], ["83568.5", "0.09572068", "0", "1"], ["83568.6", "0.00001205", "0", "1"], ["83569", "0.04", "0", "1"], ["83570", "0.17953568", "0", "1"], ["83570.1", "0.2025", "0", "1"], ["83570.3", "0.11965737", "0", "1"], ["83570.4", "0.09611633", "0", "3"], ["83570.7", "0.00001501", "0", "1"], ["83571.6", "1.61407269", "0", "1"], ["83571.7", "0.32856412", "0", "3"], ["83571.8", "0.133483", "0", "1"], ["83572.1", "0.002", "0", "1"], ["83572.2", "0.005", "0", "1"], ["83573.2", "0.35972754", "0", "1"], ["83573.6", "0.00001205", "0", "1"], ["83574.1", "0.0071856", "0", "1"], ["83574.7", "0.15017035", "0", "1"], ["83575.4", "0.16745601", "0", "1"], ["83575.5", "0.14699704", "0", "1"], ["83575.7", "0.11992025", "0", "1"], ["83575.9", "0.0005145", "0", "1"], ["83576.5", "0.15203961", "0", "1"], ["83576.8", "0.11964811", "0", "1"], ["83577", "0.1900928", "0", "1"], ["83578", "0.02334141", "0", "1"], ["83578.3", "0.02674576", "0", "1"], ["83578.4", "0.00425928", "0", "1"], ["83578.6", "0.00001205", "0", "1"], ["83579", "0.00551501", "0", "2"], ["83580", "0.02137958", "0", "2"], ["83580.3", "0.10534", "0", "1"], ["83580.8", "0.01219896", "0", "1"], ["83580.9", "0.24183424", "0", "3"], ["83581.1", "0.0090755", "0", "1"], ["83581.3", "0.24381375", "0", "1"], ["83581.5", "0.00358151", "0", "1"], ["83581.6", "0.23163407", "0", "1"], ["83582.5", "0.23882035", "0", "1"], ["83582.9", "0.17953568", "0", "1"], ["83583", "0.35972754", "0", "1"], ["83583.3", "0.00060612", "0", "1"], ["83583.4", "0.23659964", "0", "1"], ["83583.6", "0.20251205", "0", "2"], ["83584", "0.02392756", "0", "1"], ["83584.2", "0.00580462", "0", "1"], ["83584.5", "0.08936016", "0", "1"], ["83584.6", "0.25134", "0", "1"], ["83585.2", "0.23733477", "0", "1"], ["83585.8", "0.00598314", "0", "1"], ["83586.1", "0.1900928", "0", "1"], ["83586.7", "0.10527", "0", "1"], ["83587.1", "0.08991011", "0", "1"], ["83587.2", "0.11992025", "0", "1"], ["83587.3", "0.00001501", "0", "1"], ["83587.6", "0.01796", "0", "1"], ["83588.2", "0.00425833", "0", "1"], ["83588.4", "0.00580462", "0", "1"], ["83588.6", "0.00001205", "0", "1"], ["83589.3", "0.03287853", "0", "1"], ["83589.6", "0.05987175", "0", "1"], ["83589.9", "0.41173325", "0", "2"], ["83590.2", "0.474817", "0", "1"], ["83590.9", "0.495456", "0", "1"], ["83591.2", "0.01872442", "0", "1"], ["83591.3", "0.00011142", "0", "1"], ["83591.4", "0.15351024", "0", "3"], ["83591.8", "0.35972754", "0", "1"], ["83593.6", "0.248564", "0", "1"], ["83593.7", "0.00001204", "0", "1"], ["83593.9", "0.03", "0", "1"], ["83594.4", "0.2025", "0", "1"], ["83594.7", "0.47212", "0", "1"], ["83595.2", "0.25953567", "0", "3"], ["83595.6", "0.00001501", "0", "1"], ["83595.7", "0.0055", "0", "1"], ["83596", "0.03999999", "0", "1"], ["83596.4", "0.00425694", "0", "1"], ["83596.5", "0.00001501", "0", "1"], ["83596.6", "0.01794412", "0", "1"], ["83596.7", "0.11992025", "0", "1"], ["83596.8", "0.36230375", "0", "1"], ["83597", "1", "0", "1"], ["83598", "0.1", "0", "1"], ["83598.7", "0.00001204", "0", "1"], ["83599.9", "0.01504349", "0", "5"], ["83600", "0.03083288", "0", "4"], ["83600.7", "0.35972754", "0", "1"], ["83601.2", "1.37389583", "0", "1"], ["83601.3", "2.8406635", "0", "1"], ["83601.8", "0.24183424", "0", "3"], ["83602.2", "0.00104746", "0", "1"], ["83602.3", "0.016386", "0", "1"], ["83602.4", "0.05512266", "0", "2"], ["83603.2", "0.51891", "0", "1"], ["83603.7", "0.00001204", "0", "1"], ["83603.9", "0.17955068", "0", "2"], ["83604", "0.2025", "0", "1"], ["83604.3", "0.05525", "0", "1"], ["83605.1", "0.00425619", "0", "1"], ["83605.5", "0.37125025", "0", "2"], ["83605.7", "0.37623074", "0", "1"], ["83605.8", "0.580223", "0", "1"], ["83606", "0.00021614", "0", "1"], ["83606.5", "0.08991011", "0", "1"], ["83607.4", "0.02392084", "0", "1"], ["83607.5", "0.1900928", "0", "1"], ["83608.2", "0.01", "0", "1"], ["83608.7", "0.00001204", "0", "1"], ["83609.2", "0.00364754", "0", "1"], ["83609.3", "0.35972754", "0", "1"], ["83609.5", "0.18754193", "0", "1"], ["83610", "0.03", "0", "1"], ["83611", "0.00012142", "0", "2"], ["83611.7", "0.00425574", "0", "1"], ["83612.1", "0.00001103", "0", "1"], ["83612.2", "0.00024501", "0", "3"], ["83612.3", "0.15235055", "0", "5"], ["83612.5", "0.00002335", "0", "1"], ["83612.6", "0.04468027", "0", "2"], ["83612.7", "0.06", "0", "2"], ["83612.9", "0.0002493", "0", "2"], ["83613", "0.00318148", "0", "2"], ["83613.1", "0.00001007", "0", "1"], ["83613.2", "0.00002092", "0", "2"], ["83613.3", "0.03", "0", "1"], ["83613.6", "0.29270015", "0", "2"], ["83613.7", "0.00002246", "0", "2"], ["83613.9", "0.11992025", "0", "1"], ["83614.1", "0.0000105", "0", "1"], ["83614.2", "0.00011204", "0", "1"], ["83614.3", "0.00004772", "0", "2"], ["83614.7", "0.00004811", "0", "1"], ["83614.8", "0.00088831", "0", "1"], ["83615", "0.00001004", "0", "1"], ["83615.2", "0.00537288", "0", "2"], ["83615.3", "0.00050039", "0", "2"], ["83615.4", "0.00001009", "0", "1"], ["83615.5", "0.00002498", "0", "1"], ["83615.7", "0.00211734", "0", "2"], ["83616", "0.00001004", "0", "1"], ["83616.1", "0.00005004", "0", "2"], ["83616.5", "0.00001206", "0", "1"], ["83616.6", "0.00785243", "0", "5"], ["83616.8", "0.00009302", "0", "1"], ["83616.9", "0.0004148", "0", "3"], ["83617.1", "0.20251011", "0", "2"], ["83617.5", "0.03715474", "0", "2"], ["83617.6", "0.00003256", "0", "1"], ["83618.1", "0.00700251", "0", "4"], ["83618.2", "0.0000951", "0", "1"], ["83618.3", "0.04786735", "0", "1"], ["83618.6", "0.00425502", "0", "1"], ["83618.8", "0.1636516", "0", "3"], ["83618.9", "0.35972754", "0", "1"], ["83619", "0.01419169", "0", "3"], ["83619.1", "0.00719489", "0", "2"], ["83619.2", "0.00002324", "0", "1"], ["83619.4", "0.03", "0", "1"], ["83619.5", "0.00488686", "0", "5"], ["83619.8", "0.00002668", "0", "1"], ["83619.9", "0.00031373", "0", "4"], ["83620", "0.00181427", "0", "5"], ["83620.1", "0.00041143", "0", "2"], ["83620.3", "0.0000665", "0", "1"], ["83620.4", "0.0039259", "0", "1"], ["83620.5", "0.00126872", "0", "2"], ["83620.6", "0.00003153", "0", "2"], ["83620.8", "0.00002253", "0", "1"], ["83621", "0.00024051", "0", "2"], ["83621.1", "0.10001017", "0", "2"], ["83621.2", "0.00006289", "0", "1"], ["83621.3", "0.00001186", "0", "1"], ["83621.5", "0.00006121", "0", "1"], ["83621.7", "0.01994695", "0", "2"], ["83622.1", "0.00002874", "0", "2"], ["83622.2", "0.00090335", "0", "2"], ["83622.4", "0.97416647", "0", "5"], ["83622.5", "0.12060156", "0", "2"], ["83622.7", "0.00001011", "0", "1"], ["83622.8", "0.10004182", "0", "3"], ["83622.9", "0.00010351", "0", "3"], ["83623", "0.00001097", "0", "1"], ["83623.1", "0.00015386", "0", "2"], ["83623.4", "0.17953568", "0", "1"], ["83623.6", "0.71229745", "0", "2"], ["83623.7", "0.00029822", "0", "6"], ["83623.8", "0.00001002", "0", "1"], ["83624.1", "0.11751671", "0", "1"], ["83624.3", "0.00230564", "0", "1"], ["83624.5", "0.00012233", "0", "1"], ["83625", "0.00937173", "0", "14"], ["83625.1", "0.00011938", "0", "1"], ["83625.3", "0.00008", "0", "1"], ["83625.4", "0.00001004", "0", "1"], ["83625.7", "0.00100987", "0", "1"], ["83625.9", "0.00032751", "0", "1"], ["83626", "0.00159033", "0", "1"], ["83626.1", "0.00003828", "0", "2"], ["83626.3", "0.00002453", "0", "2"], ["83626.4", "0.00011621", "0", "2"], ["83626.6", "0.00001286", "0", "1"], ["83626.8", "0.02393658", "0", "1"], ["83627.1", "0.00066173", "0", "1"], ["83627.2", "0.00001016", "0", "1"], ["83627.9", "0.00003987", "0", "2"], ["83628", "0.00001033", "0", "1"], ["83628.1", "0.28663035", "0", "3"], ["83628.2", "0.36060062", "0", "9"], ["83628.3", "0.1", "0", "1"], ["83628.4", "0.00016982", "0", "1"], ["83628.5", "0.00001067", "0", "1"], ["83628.6", "0.0000528", "0", "4"], ["83628.7", "0.2025", "0", "1"], ["83628.8", "0.00002707", "0", "2"], ["83629.2", "0.00001206", "0", "1"], ["83629.4", "0.00001001", "0", "1"], ["83629.5", "0.00437872", "0", "2"], ["83629.9", "0.00002782", "0", "1"], ["83630.1", "0.3", "0", "1"], ["83630.2", "0.00428793", "0", "3"], ["83630.5", "0.00003988", "0", "1"], ["83630.6", "0.00011142", "0", "1"], ["83630.7", "0.0000484", "0", "1"], ["83630.8", "0.07535642", "0", "2"], ["83630.9", "0.11992025", "0", "1"], ["83631", "0.0001205", "0", "1"], ["83631.1", "0.00001167", "0", "1"], ["83631.4", "0.00048794", "0", "12"], ["83631.5", "0.00011899", "0", "1"], ["83631.6", "0.00010045", "0", "6"], ["83631.7", "0.0000222", "0", "2"], ["83631.8", "0.00002533", "0", "1"], ["83632.3", "0.00052889", "0", "1"], ["83632.5", "0.00022484", "0", "8"], ["83632.6", "0.0001078", "0", "1"], ["83632.7", "0.09280047", "0", "12"], ["83632.8", "0.0717422", "0", "1"], ["83633.3", "0.00826413", "0", "10"], ["83633.6", "0.00005892", "0", "2"], ["83633.8", "0.00047398", "0", "2"], ["83633.9", "0.00012242", "0", "1"], ["83634", "0.03002119", "0", "2"], ["83634.1", "0.00015261", "0", "2"], ["83634.4", "0.00001007", "0", "1"], ["83634.9", "0.00001013", "0", "1"], ["83635.6", "0.00006617", "0", "3"], ["83635.7", "0.00009649", "0", "1"], ["83635.8", "0.05263157", "0", "1"], ["83635.9", "0.00114411", "0", "2"], ["83636", "0.0388564", "0", "3"], ["83636.3", "0.00729904", "0", "42"], ["83636.4", "0.07173911", "0", "1"], ["83636.5", "0.00004661", "0", "3"], ["83636.6", "0.22585002", "0", "1"], ["83636.7", "0.35972754", "0", "1"], ["83636.8", "0.00008298", "0", "2"], ["83636.9", "0.00021657", "0", "3"], ["83637", "0.17953568", "0", "1"], ["83637.1", "0.202515", "0", "2"], ["83637.5", "0.00553713", "0", "4"], ["83637.7", "0.00001535", "0", "1"], ["83638", "0.00586617", "0", "1"], ["83638.1", "0.00001501", "0", "1"], ["83638.2", "0.00003082", "0", "3"], ["83638.3", "0.00458615", "0", "3"], ["83638.6", "0.03995476", "0", "2"], ["83638.7", "0.0000323", "0", "2"], ["83638.8", "0.00016242", "0", "2"], ["83639", "0.01196895", "0", "1"], ["83639.3", "0.00001506", "0", "1"], ["83639.4", "0.00001413", "0", "1"], ["83639.5", "0.00009389", "0", "1"], ["83639.6", "0.00008291", "0", "1"], ["83639.8", "0.0054784", "0", "2"], ["83639.9", "0.00164572", "0", "7"], ["83640", "0.02421692", "0", "8"], ["83640.2", "0.07252595", "0", "1"], ["83640.3", "0.09121445", "0", "2"], ["83640.6", "0.00001222", "0", "1"], ["83640.7", "0.00019202", "0", "2"], ["83640.8", "0.0047713", "0", "1"], ["83641.1", "0.00223045", "0", "5"], ["83641.2", "0.00008941", "0", "2"], ["83641.4", "0.00106671", "0", "1"], ["83641.6", "0.000024", "0", "1"], ["83641.8", "0.00001206", "0", "1"], ["83642.1", "0.87070085", "0", "4"], ["83642.4", "0.00001363", "0", "1"], ["83642.6", "0.00007243", "0", "1"], ["83642.7", "0.00001063", "0", "1"], ["83642.8", "0.00026749", "0", "3"], ["83643.1", "0.01471384", "0", "2"], ["83643.2", "0.00001083", "0", "1"], ["83643.5", "0.00009814", "0", "2"], ["83643.7", "0.00001765", "0", "1"], ["83643.9", "0.00006945", "0", "4"], ["83644.1", "0.00006478", "0", "2"], ["83644.2", "0.00037", "0", "2"], ["83644.3", "0.00025953", "0", "1"], ["83644.4", "0.00004793", "0", "1"], ["83644.5", "0.00002848", "0", "1"], ["83644.7", "0.00012868", "0", "5"], ["83645", "0.00032869", "0", "5"], ["83645.1", "0.00025232", "0", "2"], ["83645.2", "0.00831387", "0", "1"], ["83645.4", "0.20955069", "0", "3"], ["83645.5", "0.2025", "0", "1"], ["83645.9", "0.00011938", "0", "1"], ["83646", "0.00001662", "0", "1"], ["83646.1", "0.00002251", "0", "1"], ["83646.2", "0.00007236", "0", "1"], ["83646.3", "0.00008354", "0", "6"], ["83646.6", "0.00023688", "0", "1"], ["83646.7", "0.00437", "0", "2"], ["83646.8", "0.19208368", "0", "2"], ["83647", "0.00600976", "0", "2"], ["83647.1", "0.00064438", "0", "1"], ["83647.2", "0.00016135", "0", "1"], ["83647.3", "0.0000374", "0", "2"], ["83647.5", "0.00001332", "0", "1"], ["83647.7", "0.0002648", "0", "4"], ["83648.1", "0.13354606", "0", "2"], ["83648.2", "0.00126251", "0", "2"], ["83648.6", "0.09", "0", "3"], ["83648.8", "0.00002559", "0", "2"], ["83649.1", "0.00002611", "0", "1"], ["83649.5", "0.00009917", "0", "1"], ["83649.6", "0.00589905", "0", "1"], ["83649.8", "0.00001027", "0", "1"], ["83649.9", "0.3604642", "0", "4"], ["83650", "0.19911751", "0", "11"], ["83650.1", "0.05804867", "0", "3"], ["83650.2", "0.00011142", "0", "1"], ["83650.4", "0.00009255", "0", "2"], ["83650.6", "0.00002227", "0", "1"], ["83650.8", "0.00003672", "0", "1"], ["83651", "0.00040029", "0", "4"], ["83651.1", "0.00261733", "0", "9"], ["83651.2", "0.00002038", "0", "2"], ["83651.4", "0.00153151", "0", "1"], ["83651.7", "0.00488104", "0", "2"], ["83651.8", "0.00298983", "0", "1"], ["83651.9", "0.00491409", "0", "1"], ["83652", "0.0001236", "0", "1"], ["83652.1", "0.00009949", "0", "3"], ["83652.4", "0.00074386", "0", "1"], ["83652.6", "0.00168601", "0", "1"], ["83652.7", "0.00046457", "0", "2"], ["83652.9", "0.02393367", "0", "1"], ["83653.1", "0.00002037", "0", "2"], ["83653.2", "0.00017548", "0", "2"], ["83653.5", "0.00012652", "0", "1"], ["83653.7", "0.00601467", "0", "2"], ["83653.8", "0.17965004", "0", "5"], ["83653.9", "0.20251206", "0", "2"], ["83654", "0.00251676", "0", "1"], ["83654.4", "0.00121706", "0", "2"], ["83654.8", "0.00002052", "0", "2"], ["83655.1", "0.00447503", "0", "2"], ["83655.2", "0.00597", "0", "1"], ["83656.1", "0.00007092", "0", "1"], ["83656.2", "0.00300703", "0", "3"], ["83656.3", "0.01074264", "0", "3"]], "bids": [["83553.6", "0.52037898", "0", "4"], ["83552.3", "0.005", "0", "1"], ["83552.2", "0.002", "0", "1"], ["83552", "0.0567", "0", "1"], ["83551.8", "0.005", "0", "1"], ["83550.1", "0.00777939", "0", "1"], ["83550", "0.0567", "0", "1"], ["83549.9", "0.00080612", "0", "3"], ["83549.1", "0.07725823", "0", "1"], ["83548.6", "0.00001205", "0", "1"], ["83548.1", "0.08174533", "0", "1"], ["83548", "0.0567", "0", "1"], ["83546.7", "0.00777902", "0", "1"], ["83546.1", "0.00085843", "0", "1"], ["83545.7", "0.000015", "0", "1"], ["83545.3", "0.11115932", "0", "2"], ["83543.6", "0.00001205", "0", "1"], ["83543.3", "0.17953", "0", "1"], ["83542.3", "0.00719453", "0", "2"], ["83542.2", "0.005", "0", "1"], ["83542.1", "0.002", "0", "1"], ["83541.8", "0.48813166", "0", "2"], ["83541.7", "0.35972754", "0", "1"], ["83541.3", "0.01", "0", "1"], ["83541.2", "0.09032423", "0", "1"], ["83541.1", "0.35905", "0", "1"], ["83540.9", "0.05523185", "0", "1"], ["83540.7", "0.11575733", "0", "2"], ["83540.1", "0.17953568", "0", "1"], ["83540", "0.00001", "0", "1"], ["83539.8", "0.0003", "0", "1"], ["83539.7", "0.31842991", "0", "2"], ["83539.4", "0.01197081", "0", "1"], ["83539.3", "0.0896495", "0", "1"], ["83539.2", "0.33160424", "0", "3"], ["83538.6", "0.00001205", "0", "1"], ["83538", "0.04788571", "0", "1"], ["83537.6", "0.18605494", "0", "1"], ["83537.4", "0.00001501", "0", "1"], ["83537.2", "0.02490748", "0", "1"], ["83536.1", "0.0000225", "0", "1"], ["83535.7", "0.133492", "0", "1"], ["83534.9", "0.04", "0", "1"], ["83534.7", "0.02983444", "0", "1"], ["83534.5", "0.075", "0", "1"], ["83534.4", "0.066", "0", "1"], ["83534.2", "0.35308896", "0", "2"], ["83533.6", "0.00001205", "0", "1"], ["83533.3", "0.00101501", "0", "2"], ["83532.8", "0.58675076", "0", "1"], ["83532.7", "0.15981872", "0", "1"], ["83532.4", "0.00011142", "0", "1"], ["83532", "0.17282105", "0", "2"], ["83531.8", "0.57295718", "0", "2"], ["83531.7", "0.35972754", "0", "1"], ["83531.3", "0.2025", "0", "1"], ["83531.1", "0.05987175", "0", "1"], ["83531", "0.36347501", "0", "5"], ["83530.9", "0.00426154", "0", "1"], ["83530.8", "0.00356428", "0", "1"], ["83530.7", "0.1900928", "0", "1"], ["83529.4", "0.11971588", "0", "1"], ["83529.3", "0.37966141", "0", "1"], ["83529.2", "0.36038", "0", "1"], ["83529.1", "0.00001501", "0", "1"], ["83529", "0.17953568", "0", "1"], ["83528.9", "0.04", "0", "1"], ["83528.8", "0.15207424", "0", "2"], ["83528.6", "0.00001205", "0", "1"], ["83527.9", "0.016", "0", "1"], ["83527.8", "0.01596", "0", "1"], ["83527.2", "0.26681652", "0", "1"], ["83526", "0.25261734", "0", "1"], ["83525.6", "0.02078895", "0", "2"], ["83524.8", "0.30889328", "0", "1"], ["83523.9", "0.2656362", "0", "1"], ["83523.7", "0.05195734", "0", "2"], ["83523.6", "0.00001205", "0", "1"], ["83523.5", "0.12339425", "0", "2"], ["83522.4", "0.2025", "0", "1"], ["83522.3", "0.35972754", "0", "1"], ["83522.2", "0.26334387", "0", "1"], ["83522.1", "0.1900928", "0", "1"], ["83521.9", "0.25134", "0", "1"], ["83521.6", "0.00426233", "0", "1"], ["83521.5", "0.0479", "0", "1"], ["83521", "0.0025", "0", "1"], ["83520.8", "0.00001501", "0", "1"], ["83520.6", "0.23149302", "0", "3"], ["83520.1", "0.01097934", "0", "1"], ["83520", "0.00251", "0", "2"], ["83519.9", "0.05195734", "0", "2"], ["83519", "0.00302221", "0", "1"], ["83518.6", "0.00001205", "0", "1"], ["83518.4", "0.15207424", "0", "2"], ["83518.3", "0.08976", "0", "1"], ["83516.9", "0.01219896", "0", "1"], ["83516.8", "1.31844771", "0", "1"], ["83516.7", "1.24", "0", "1"], ["83516.6", "0.00060612", "0", "1"], ["83516", "0.01344072", "0", "2"], ["83515.7", "0.44213", "0", "1"], ["83515.6", "0.3", "0", "1"], ["83515.4", "0.05195734", "0", "2"], ["83515.2", "0.11992025", "0", "1"], ["83514.8", "0.475245", "0", "1"], ["83514.3", "0.495484", "0", "1"], ["83513.7", "0.61418488", "0", "4"], ["83513.5", "0.58087605", "0", "2"], ["83513.2", "0.000015", "0", "1"], ["83513.1", "0.02068", "0", "1"], ["83512.8", "0.00011142", "0", "1"], ["83512.7", "0.7273945", "0", "2"], ["83512.6", "1.59337855", "0", "1"], ["83512.5", "0.00001501", "0", "1"], ["83512", "0.21549302", "0", "2"], ["83511.8", "0.016", "0", "1"], ["83510.5", "0.51", "0", "1"], ["83510.2", "0.00199193", "0", "2"], ["83510", "0.0056", "0", "1"], ["83508.7", "0.02229595", "0", "1"], ["83508.5", "0.00001206", "0", "1"], ["83508", "0.10186506", "0", "1"], ["83507.9", "0.15207424", "0", "2"], ["83507.6", "0.00426392", "0", "1"], ["83507.2", "0.05571", "0", "1"], ["83505.6", "0.1", "0", "1"], ["83504.6", "0.11992025", "0", "1"], ["83504.4", "1.10822887", "0", "1"], ["83504.3", "3.04956", "0", "1"], ["83504.2", "0.000015", "0", "1"], ["83503.6", "0.17953568", "0", "1"], ["83503.5", "0.00001206", "0", "1"], ["83502.3", "0.01", "0", "1"], ["83501.4", "0.05985407", "0", "1"], ["83501.2", "0.23939447", "0", "1"], ["83501", "0.25133", "0", "1"], ["83500.8", "0.08991011", "0", "1"], ["83500.5", "0.35972754", "0", "1"], ["83500.1", "0.17007038", "0", "1"], ["83500", "0.11039676", "0", "8"], ["83499.9", "0.00195701", "0", "4"], ["83499.8", "0.2025", "0", "1"], ["83499.4", "0.02395177", "0", "1"], ["83499.2", "0.0004", "0", "1"], ["83499.1", "0.02395184", "0", "1"], ["83498.5", "0.00001205", "0", "1"], ["83497.6", "0.002513", "0", "1"], ["83497.4", "0.08976", "0", "1"], ["83497.2", "0.0019859", "0", "1"], ["83497.1", "0.0042648", "0", "1"], ["83496.8", "0.08", "0", "2"], ["83496.4", "0.00435429", "0", "1"], ["83496.2", "0.11992025", "0", "1"], ["83496", "0.15179806", "0", "5"], ["83495.9", "0.000015", "0", "1"], ["83495.6", "0.00367", "0", "1"], ["83495.3", "0.08813676", "0", "2"], ["83495.2", "0.076", "0", "3"], ["83495", "0.0075", "0", "3"], ["83494.4", "0.013", "0", "1"], ["83493.7", "0.03", "0", "1"], ["83493.5", "0.00001206", "0", "1"], ["83493.4", "0.01843307", "0", "1"], ["83493.3", "0.0056", "0", "1"], ["83493.2", "0.00011142", "0", "1"], ["83493.1", "0.00040555", "0", "1"], ["83492.2", "0.00459383", "0", "2"], ["83491.8", "0.12", "0", "4"], ["83491.3", "0.00609899", "0", "1"], ["83491.2", "0.2025", "0", "1"], ["83490.9", "1.00900964", "0", "2"], ["83489.7", "0.00380585", "0", "1"], ["83489.2", "0.17965545", "0", "2"], ["83489.1", "0.35972754", "0", "1"], ["83488.7", "0.00609899", "0", "1"], ["83488.5", "0.00199469", "0", "2"], ["83488.4", "2.8837667", "0", "2"], ["83488", "0.01451882", "0", "3"], ["83487.6", "0.00001501", "0", "1"], ["83487.5", "0.06984286", "0", "1"], ["83487.4", "0.08991011", "0", "1"], ["83486.7", "0.00011134", "0", "1"], ["83486.5", "0.01196264", "0", "1"], ["83486.2", "0.11992025", "0", "1"], ["83485.9", "0.00426613", "0", "1"], ["83485.7", "0.00069259", "0", "1"], ["83485.3", "0.00609899", "0", "1"], ["83485.2", "0.00589903", "0", "1"], ["83484.3", "0.00589903", "0", "1"], ["83483.5", "0.00001206", "0", "1"], ["83483.3", "0.00060612", "0", "1"], ["83483.1", "0.6027093", "0", "2"], ["83482.9", "0.00609899", "0", "1"], ["83482.7", "0.871617", "0", "1"], ["83482.2", "0.00598446", "0", "1"], ["83482", "0.2025", "0", "1"], ["83481.6", "0.04787131", "0", "1"], ["83481.4", "0.713153", "0", "1"], ["83480.7", "0.00609899", "0", "1"], ["83480.2", "0.00598446", "0", "1"], ["83479.9", "0.00009543", "0", "1"], ["83479.6", "0.00589903", "0", "1"], ["83479.5", "0.022", "0", "1"], ["83479.3", "0.000015", "0", "1"], ["83478.5", "0.00001206", "0", "1"], ["83478.1", "0.16911297", "0", "1"], ["83477.7", "0.00609899", "0", "1"], ["83477.6", "0.00609899", "0", "1"], ["83477.5", "0.00598446", "0", "1"], ["83477.4", "0.05989522", "0", "1"], ["83477.3", "0.0186", "0", "1"], ["83476.6", "0.11992025", "0", "1"], ["83476.5", "0.00598446", "0", "1"], ["83475.7", "0.35972754", "0", "1"], ["83473.5", "0.00012348", "0", "2"], ["83473.2", "0.00478732", "0", "1"], ["83473.1", "0.19468306", "0", "1"], ["83473", "0.32113688", "0", "1"], ["83472.9", "0.17953568", "0", "1"], ["83472.5", "0.07187994", "0", "1"], ["83472.2", "0.00021412", "0", "2"], ["83471.7", "0.00426695", "0", "1"], ["83471.6", "0.00001501", "0", "1"], ["83471", "0.000015", "0", "1"], ["83470.3", "0.03609899", "0", "2"], ["83470.2", "0.00609899", "0", "1"], ["83470.1", "0.00589903", "0", "1"], ["83470", "0.03592486", "0", "1"], ["83469.6", "0.2025", "0", "1"], ["83469.3", "1.0261527", "0", "1"], ["83468.9", "0.07188304", "0", "1"], ["83468.6", "3.55241", "0", "1"], ["83468.5", "0.00001206", "0", "1"], ["83468.3", "0.0027474", "0", "1"], ["83468.2", "0.11992025", "0", "1"], ["83466.6", "0.00519975", "0", "8"], ["83466.5", "0.00131657", "0", "1"], ["83466.3", "0.01796958", "0", "1"], ["83465.8", "0.01196917", "0", "1"], ["83464.9", "0.00008817", "0", "1"], ["83464.8", "0.02167064", "0", "2"], ["83464.4", "0.04981217", "0", "2"], ["83464.2", "0.00005282", "0", "1"], ["83463.5", "0.00001206", "0", "1"], ["83463.4", "0.11809701", "0", "4"], ["83463.3", "0.05555555", "0", "1"], ["83462.7", "0.000015", "0", "1"], ["83462.4", "0.19542125", "0", "2"], ["83462.3", "0.35972754", "0", "1"], ["83460.6", "0.00298666", "0", "1"], ["83459.8", "0.06", "0", "2"], ["83458.9", "0.01795244", "0", "1"], ["83458.7", "0.2025", "0", "1"], ["83458.4", "0.00036265", "0", "2"], ["83458.3", "0.08991011", "0", "1"], ["83456.6", "0.03", "0", "1"], ["83456.4", "0.00589903", "0", "1"], ["83456.3", "0.06081719", "0", "1"], ["83456.2", "0.01219798", "0", "2"], ["83456.1", "0.17953568", "0", "1"], ["83454.6", "0.00056778", "0", "1"], ["83454.5", "0.00003889", "0", "1"], ["83454.4", "0.00611412", "0", "2"], ["83454.2", "0.00426953", "0", "1"], ["83453.9", "0.00011142", "0", "1"], ["83453.4", "0.00001204", "0", "1"], ["83453.2", "0.2528961", "0", "1"], ["83453.1", "0.57386936", "0", "1"], ["83452.8", "0.0001189", "0", "1"], ["83452.7", "0.00001204", "0", "1"], ["83452.3", "0.0114", "0", "1"], ["83452.1", "0.02393724", "0", "1"], ["83451.5", "0.01739806", "0", "3"], ["83451.4", "0.21992025", "0", "2"], ["83451.3", "0.00597332", "0", "1"], ["83450", "0.00013604", "0", "2"], ["83449.9", "0.00060612", "0", "1"], ["83449.3", "0.00609899", "0", "1"], ["83449.2", "0.00609899", "0", "1"], ["83449.1", "0.1", "0", "1"], ["83449", "0.15732368", "0", "1"], ["83448.9", "0.35972754", "0", "1"], ["83448.2", "0.00015588", "0", "1"], ["83446.8", "0.0042696", "0", "1"], ["83446.6", "0.00589903", "0", "1"], ["83446.5", "0.01179806", "0", "2"], ["83446.4", "0.07252595", "0", "1"], ["83446.1", "0.000015", "0", "1"], ["83445.8", "0.01199827", "0", "2"], ["83445.7", "0.05802294", "0", "1"], ["83444.9", "0.21311169", "0", "1"], ["83444.7", "0.00002396", "0", "1"], ["83444.5", "0.07216343", "0", "1"], ["83443.4", "0.00001204", "0", "1"], ["83442.9", "0.00317332", "0", "1"], ["83442.7", "0.11992025", "0", "1"], ["83442", "0.2025", "0", "1"], ["83441.4", "0.00609899", "0", "1"], ["83441.3", "0.00589903", "0", "1"], ["83441.2", "0.00609899", "0", "1"], ["83441.1", "0.01179806", "0", "2"], ["83440.8", "0.18849567", "0", "2"], ["83440.1", "0.00001204", "0", "1"], ["83440", "0.00308005", "0", "1"], ["83439.2", "0.009093", "0", "1"], ["83439", "0.29445377", "0", "1"], ["83438.4", "0.00001629", "0", "1"], ["83438.2", "0.009093", "0", "1"], ["83437.8", "0.03001501", "0", "2"], ["83437.4", "0.00427082", "0", "1"], ["83435.9", "0.00020004", "0", "1"], ["83435.6", "0.00001", "0", "1"], ["83435.5", "0.35972754", "0", "1"], ["83435.4", "0.001189", "0", "1"], ["83434.7", "0.00598386", "0", "1"], ["83434.3", "0.03", "0", "1"], ["83434.2", "0.00011142", "0", "1"], ["83433.9", "0.03", "0", "1"], ["83433.6", "0.2025", "0", "1"], ["83433.4", "0.00001205", "0", "1"], ["83433.3", "0.00101501", "0", "2"], ["83432.4", "0.01194665", "0", "1"], ["83432.1", "0.2155", "0", "1"], ["83431.9", "0.00006004", "0", "1"], ["83431.7", "0.00017505", "0", "1"], ["83430.1", "0.00427258", "0", "1"], ["83430", "0.000015", "0", "1"], ["83429.5", "0.00005501", "0", "2"], ["83428.4", "0.00001205", "0", "1"], ["83428.1", "0.11986127", "0", "1"], ["83428", "0.00007368", "0", "1"], ["83427.5", "0.00001205", "0", "1"], ["83427.2", "0.17953568", "0", "1"], ["83426.8", "0.22204", "0", "1"], ["83426.6", "0.03", "0", "1"], ["83426.5", "0.35972754", "0", "1"], ["83426.4", "0.11992025", "0", "1"], ["83426.2", "0.00002851", "0", "1"], ["83425.2", "0.2025", "0", "1"], ["83425", "0.00009272", "0", "1"], ["83424.1", "0.00001001", "0", "1"], ["83423.9", "0.05389011", "0", "1"], ["83422.7", "0.192677", "0", "1"], ["83422.5", "0.18433078", "0", "1"], ["83422.4", "0.08333333", "0", "1"], ["83421.2", "0.00001501", "0", "1"], ["83420.8", "0.00002397", "0", "1"], ["83420.7", "0.00427296", "0", "1"], ["83420.1", "0.00068075", "0", "1"], ["83419.7", "0.01493332", "0", "1"], ["83419.3", "0.00001894", "0", "1"], ["83419.2", "0.01438518", "0", "1"], ["83418.9", "0.03", "0", "1"], ["83418.4", "0.00001205", "0", "1"], ["83418.2", "0.3015217", "0", "1"], ["83417.9", "0.01795158", "0", "3"], ["83417.7", "0.0123", "0", "1"], ["83416.8", "0.2025", "0", "1"], ["83416.6", "0.00154812", "0", "3"], ["83416.1", "0.00079489", "0", "1"], ["83415.8", "0.00001499", "0", "1"], ["83415", "0.0096", "0", "1"], ["83414.9", "0.00001205", "0", "1"], ["83414.6", "0.00011142", "0", "1"], ["83413.8", "0.00035965", "0", "1"], ["83413.4", "0.00003545", "0", "1"], ["83413.2", "0.01196166", "0", "1"], ["83413.1", "0.35972754", "0", "1"], ["83412.7", "0.00624904", "0", "1"], ["83412.2", "0.00427383", "0", "1"], ["83411.7", "0.00001807", "0", "1"], ["83411.3", "0.58013535", "0", "1"], ["83410.4", "0.17953568", "0", "1"], ["83410.2", "0.00009235", "0", "1"], ["83410", "0.00005457", "0", "1"], ["83409.7", "0.00021823", "0", "1"], ["83409.6", "0.11992025", "0", "1"], ["83408.4", "0.20251205", "0", "2"], ["83407.9", "0.00008801", "0", "1"], ["83405", "0.00599", "0", "1"], ["83403.7", "0.00427466", "0", "1"], ["83403.4", "0.00241105", "0", "2"], ["83402.6", "0.00024991", "0", "1"], ["83402.3", "0.00001205", "0", "1"], ["83401.5", "0.00012658", "0", "1"], ["83401.4", "0.03", "0", "1"], ["83400.6", "0.00599", "0", "1"], ["83400.3", "0.35972754", "0", "1"], ["83400.2", "0.17953568", "0", "1"], ["83400.1", "0.11992025", "0", "1"], ["83400", "10.17407135", "0", "47"], ["83399.9", "0.06795845", "0", "7"], ["83399", "0.00599556", "0", "1"], ["83398.4", "0.00010523", "0", "1"], ["83398", "0.04437308", "0", "3"], ["83396.7", "0.00008", "0", "1"], ["83396.4", "0.01588198", "0", "1"], ["83395.7", "0.00444738", "0", "2"], ["83395.5", "0.05555555", "0", "1"]], "ts": "1742377117202", "checksum": 606595488, "seqId": 49713534419, "prevSeqId": -1}], "record_time": 1742377118.066656}
{"arg": {"channel": "books", "instId": "BTC-USDT"}, "action": "update", "data": [{"asks": [["83556.2", "0.012", "0", "1"], ["83556.3", "0", "0", "0"], ["83556.4", "0.0002", "0", "2"]], "bids": [["83549.9", "0.00060612", "0", "1"], ["83549.8", "0.0002", "0", "2"], ["83545.3", "0.05689323", "0", "1"], ["83538.6", "0.35906205", "0", "2"], ["83520.1", "0", "0", "0"]], "ts": "1742377117302", "checksum": 693004076, "seqId": 49713534448, "prevSeqId": 49713534419}], "record_time": 1742377118.161422}
{"arg": {"channel": "books", "instId": "BTC-USDT"}, "action": "update", "data": [{"asks": [["83556.5", "0.09888011", "0", "2"], ["83560.2", "0", "0", "0"], ["83580.8", "0", "0", "0"], ["83589.8", "0.01219896", "0", "1"], ["83656.4", "0.00599857", "0", "2"]], "bids": [["83552", "0", "0", "0"], ["83549.8", "0.0001", "0", "1"], ["83549.6", "0.0001", "0", "1"], ["83536.1", "0", "0", "0"], ["83516", "1.01344072", "0", "3"], ["83501.2", "0", "0", "0"], ["83499.5", "0.23939856", "0", "1"], ["83395", "0.00017369", "0", "2"]], "ts": "1742377117402", "checksum": 924264361, "seqId": 49713534473, "prevSeqId": 49713534448}], "record_time": 1742377118.260652}
{"arg": {"channel": "books", "instId": "BTC-USDT"}, "action": "update", "data": [{"asks": [["83556", "0.0000105", "0", "1"], ["83581.5", "0", "0", "0"], ["83586.7", "0", "0", "0"], ["83656.5", "0.0002003", "0", "1"]], "bids": [["83549.8", "0.0002", "0", "2"], ["83549.6", "0", "0", "0"], ["83535", "0.17953", "0", "1"], ["83531.8", "0.57310718", "0", "3"], ["83516", "0.01344072", "0", "2"]], "ts": "1742377117502", "checksum": -506568177, "seqId": 49713534485, "prevSeqId": 49713534473}], "record_time": 1742377118.360577}
{"arg": {"channel": "books", "instId": "BTC-USDT"}, "action": "update", "data": [{"asks": [], "bids": [["83516", "0.01345072", "0", "3"], ["83510", "0.2056", "0", "2"]], "ts": "1742377117602", "checksum": -506568177, "seqId": 49713534495, "prevSeqId": 49713534485}], "record_time": 1742377118.463295}
{"arg": {"channel": "books", "instId": "BTC-USDT"}, "action": "update", "data": [{"asks": [], "bids": [["83549.9", "0.00070612", "0", "2"], ["83549.8", "0.0001", "0", "1"]], "ts": "1742377117702", "checksum": -2017793546, "seqId": 49713534507, "prevSeqId": 49713534495}], "record_time": 1742377118.563335}
{"arg": {"channel": "books", "instId": "BTC-USDT"}, "action": "update", "data": [{"asks": [["83555.9", "0.012", "0", "1"], ["83556.2", "0", "0", "0"], ["83570.4", "0.03693196", "0", "2"], ["83581", "1", "0", "1"], ["83656.5", "0", "0", "0"]], "bids": [["83549.9", "0.00080612", "0", "3"], ["83549.8", "0", "0", "0"], ["83394.9", "0.00078135", "0", "2"]], "ts": "1742377117802", "checksum": 851470474, "seqId": 49713534524, "prevSeqId": 49713534507}], "record_time": 1742377118.660657}
{"arg": {"channel": "books", "instId": "BTC-USDT"}, "action": "update", "data": [{"asks": [["83565.6", "0.06041699", "0", "1"], ["83580.8", "0.01219896", "0", "1"], ["83581", "0", "0", "0"], ["83589.8", "0", "0", "0"], ["83592", "0.08", "0", "2"], ["83592.8", "0.03999999", "0", "1"], ["83595.2", "0.17953568", "0", "1"], ["83596", "0", "0", "0"], ["83656.4", "0", "0", "0"]], "bids": [["83520.2", "0.01097934", "0", "1"], ["83497.6", "0.082513", "0", "3"], ["83496.8", "0.04", "0", "1"], ["83496", "0.11179806", "0", "4"], ["83394.9", "0", "0", "0"]], "ts": "1742377117902", "checksum": 851470474, "seqId": 49713534552, "prevSeqId": 49713534524}], "record_time": 1742377118.762456}
{"arg": {"channel": "books", "instId": "BTC-USDT"}, "action": "update", "data": [{"asks": [["83603.3", "0.00007342", "0", "1"], ["83656.3", "0", "0", "0"]], "bids": [["83496.8", "0.14", "0", "3"], ["83496", "0.06179806", "0", "3"], ["83495.2", "0.026", "0", "2"]], "ts": "1742377118002", "checksum": 851470474, "seqId": 49713534569, "prevSeqId": 49713534552}], "record_time": 1742377118.863325}
{"arg": {"channel": "books", "instId": "BTC-USDT"}, "action": "update", "data": [{"asks": [["83556.3", "0.0002", "0", "2"], ["83556.4", "0", "0", "0"], ["83562.1", "0", "0", "0"], ["83572.2", "0", "0", "0"], ["83580.8", "0", "0", "0"], ["83581.5", "0.00351478", "0", "1"], ["83584.5", "0.26561569", "0", "2"], ["83589.8", "0.01219896", "0", "1"], ["83608.1", "0.0036477", "0", "1"], ["83609.2", "0", "0", "0"], ["83619.8", "0.00015935", "0", "2"], ["83619.9", "0.00018106", "0", "3"], ["83656.3", "0.01074264", "0", "3"]], "bids": [["83552.3", "0", "0", "0"], ["83552", "0.0567", "0", "1"], ["83550", "0.0568", "0", "2"], ["83549.9", "0.00070612", "0", "2"], ["83545.3", "0.11115932", "0", "2"], ["83545.2", "0.2025", "0", "1"], ["83542.2", "0", "0", "0"], ["83535", "0", "0", "0"], ["83524.8", "0.48943825", "0", "2"], ["83510", "0.0056", "0", "1"], ["83501.1", "0.23939416", "0", "1"], ["83500.1", "0.23907092", "0", "2"], ["83499.5", "0", "0", "0"], ["83497.5", "0.00198595", "0", "1"], ["83497.2", "0", "0", "0"], ["83493.4", "0", "0", "0"], ["83492.3", "0.01843316", "0", "1"], ["83422.5", "0", "0", "0"], ["83420.8", "0.18435558", "0", "2"], ["83394.9", "0.00078135", "0", "2"], ["83394.3", "0.03", "0", "1"]], "ts": "1742377118102", "checksum": 1998586493, "seqId": 49713534618, "prevSeqId": 49713534569}], "record_time": 1742377118.962167}
{"arg": {"channel": "books", "instId": "BTC-USDT"}, "action": "update", "data": [{"asks": [["83556.3", "0.0001", "0", "1"], ["83556.5", "0.09898011", "0", "3"], ["83559", "0.23939323", "0", "1"]], "bids": [["83553.6", "0.50978198", "0", "4"], ["83550", "0.0567", "0", "1"], ["83549.9", "0.00060612", "0", "1"], ["83546.1", "0.00105843", "0", "3"], ["83545.3", "0.10965932", "0", "2"], ["83531.8", "0.57295718", "0", "2"], ["83510", "0", "0", "0"], ["83501.5", "0.23939303", "0", "1"], ["83501.1", "0", "0", "0"], ["83493.3", "0", "0", "0"], ["83479.1", "0.0056", "0", "1"], ["83451.5", "0.01179806", "0", "2"], ["83445.7", "0.06362294", "0", "2"], ["83394.1", "0.00399952", "0", "1"]], "ts": "1742377118202", "checksum": 1905973746, "seqId": 49713534653, "prevSeqId": 49713534618}], "record_time": 1742377119.06103}
{"arg": {"channel": "books", "instId": "BTC-USDT"}, "action": "update", "data": [{"asks": [["83556.3", "0.0002", "0", "2"], ["83556.5", "0.09888011", "0", "2"], ["83559", "0", "0", "0"], ["83559.9", "0.23939187", "0", "1"]], "bids": [["83553.6", "0.51438198", "0", "5"], ["83546.1", "0.00085843", "0", "1"], ["83546", "0.0001", "0", "1"], ["83545.8", "0.0001", "0", "1"], ["83545.2", "0.11969329", "0", "1"], ["83533.8", "0.001071", "0", "1"], ["83501.4", "0", "0", "0"], ["83394.3", "0", "0", "0"], ["83394.1", "0", "0", "0"]], "ts": "1742377118302", "checksum": 1758398603, "seqId": 49713534682, "prevSeqId": 49713534653}], "record_time": 1742377119.161039}
{"arg": {"channel": "books", "instId": "BTC-USDT"}, "action": "update", "data": [{"asks": [["83556.3", "0", "0", "0"], ["83556.4", "0.0002", "0", "2"], ["83559", "0.23939356", "0", "1"], ["83559.9", "0", "0", "0"]], "bids": [["83553.6", "0.52038198", "0", "6"], ["83546", "0", "0", "0"], ["83545.9", "0.0002", "0", "2"], ["83545.8", "0", "0", "0"], ["83501.5", "0", "0", "0"], ["83501.1", "0.23939356", "0", "1"], ["83497", "0.05847155", "0", "1"]], "ts": "1742377118402", "checksum": 1986868795, "seqId": 49713534704, "prevSeqId": 49713534682}], "record_time": 1742377119.261341}
{"arg": {"channel": "books", "instId": "BTC-USDT"}, "action": "update", "data": [{"asks": [["83559", "0.23939624", "0", "1"]], "bids": [["83541.9", "0.35972754", "0", "1"], ["83541.7", "0", "0", "0"], ["83517", "1", "0", "1"], ["83501.1", "0", "0", "0"], ["83500.2", "0.23939624", "0", "1"], ["83394.9", "0", "0", "0"]], "ts": "1742377118502", "checksum": -1522169260, "seqId": 49713534718, "prevSeqId": 49713534704}], "record_time": 1742377119.365696}
{"arg": {"channel": "books", "instId": "BTC-USDT"}, "action": "update", "data": [{"asks": [], "bids": [["83535", "0.17953", "0", "1"], ["83517.1", "0.01219896", "0", "1"], ["83516.9", "0", "0", "0"], ["83395", "0", "0", "0"]], "ts": "1742377118602", "checksum": -1522169260, "seqId": 49713534723, "prevSeqId": 49713534718}], "record_time": 1742377119.460864}
{"arg": {"channel": "books", "instId": "BTC-USDT"}, "action": "update", "data": [{"asks": [["83559", "0", "0", "0"], ["83559.9", "0.23939268", "0", "1"]], "bids": [["83545.9", "0.0001", "0", "1"], ["83545.7", "0.000115", "0", "2"], ["83501.1", "0.23939268", "0", "1"], ["83500.2", "0", "0", "0"]], "ts": "1742377118702", "checksum": -1663882532, "seqId": 49713534742, "prevSeqId": 49713534723}], "record_time": 1742377119.560525}
{"arg": {"channel": "books", "instId": "BTC-USDT"}, "action": "update", "data": [{"asks": [], "bids": [["83545.9", "0.0002", "0", "2"], ["83545.7", "0.000015", "0", "1"]], "ts": "1742377118802", "checksum": -1439397952, "seqId": 49713534745, "prevSeqId": 49713534742}], "record_time": 1742377119.661161}
{"arg": {"channel": "books", "instId": "BTC-USDT"}, "action": "update", "data": [{"asks": [["83553.7", "2.09890357", "0", "27"], ["83562.1", "0.005", "0", "1"], ["83572.2", "0.005", "0", "1"], ["83580", "1.02137958", "0", "3"], ["83591.4", "0.15207424", "0", "2"], ["83656.2", "0", "0", "0"], ["83656.3", "0", "0", "0"]], "bids": [["83551.9", "0.005", "0", "1"], ["83546.1", "0.00105843", "0", "3"], ["83545.9", "0", "0", "0"], ["83541.8", "0.49313166", "0", "3"]], "ts": "1742377118902", "checksum": 1430141274, "seqId": 49713534769, "prevSeqId": 49713534745}], "record_time": 1742377119.760191}
{"arg": {"channel": "books", "instId": "BTC-USDT"}, "action": "update", "data": [{"asks": [["83578", "0", "0", "0"], ["83579.9", "0.01219896", "0", "1"], ["83589.8", "0", "0", "0"], ["83632.8", "0", "0", "0"], ["83656.2", "0.00300703", "0", "3"], ["83656.3", "0.01074264", "0", "3"]], "bids": [["83517", "0", "0", "0"], ["83468.9", "0", "0", "0"], ["83395", "0.00017369", "0", "2"], ["83394.9", "0.00078135", "0", "2"]], "ts": "1742377119002", "checksum": 1430141274, "seqId": 49713534784, "prevSeqId": 49713534769}], "record_time": 1742377119.860905}
{"arg": {"channel": "books", "instId": "BTC-USDT"}, "action": "update", "data": [{"asks": [["83553.9", "0.24882828", "0", "2"], ["83576.9", "0.43806103", "0", "1"], ["83578", "0.2", "0", "1"], ["83588.6", "0.02335346", "0", "2"], ["83624.8", "0.07174907", "0", "1"], ["83636.4", "0", "0", "0"], ["83656.2", "0", "0", "0"], ["83656.3", "0", "0", "0"]], "bids": [["83531.8", "0.57056289", "0", "1"], ["83520.7", "0.16254246", "0", "1"], ["83520", "0.00501", "0", "3"], ["83517.1", "0", "0", "0"], ["83516.9", "0.01219896", "0", "1"], ["83472.5", "0", "0", "0"], ["83460.9", "0.07188992", "0", "1"], ["83394.9", "0", "0", "0"]], "ts": "1742377119102", "checksum": -775357443, "seqId": 49713534810, "prevSeqId": 49713534784}], "record_time": 1742377119.960298}
{"arg": {"channel": "books", "instId": "BTC-USDT"}, "action": "update", "data": [{"asks": [], "bids": [["83510", "0.2", "0", "1"], ["83395", "0", "0", "0"]], "ts": "1742377119202", "checksum": -775357443, "seqId": 49713534814, "prevSeqId": 49713534810}], "record_time": 1742377120.060577}
{"arg": {"channel": "books", "instId": "BTC-USDT"}, "action": "update", "data": [{"asks": [], "bids": [["83546.1", "0.00095843", "0", "2"], ["83545.7", "0.000115", "0", "2"], ["83500.8", "0.09071011", "0", "3"], ["83500", "0.10999676", "0", "7"], ["83499.2", "0", "0", "0"], ["83395", "0.00017369", "0", "2"]], "ts": "1742377119302", "checksum": 947964766, "seqId": 49713534835, "prevSeqId": 49713534814}], "record_time": 1742377120.164761}
{"arg": {"channel": "books", "instId": "BTC-USDT"}, "action": "update", "data": [{"asks": [["83553.9", "0.25122194", "0", "3"], ["83559.9", "0.23939297", "0", "1"], ["83624.8", "0.14349814", "0", "2"]], "bids": [["83553.6", "0.51973478", "0", "6"], ["83546.1", "0.00105843", "0", "3"], ["83545.7", "0.000015", "0", "1"], ["83531.8", "0.57295718", "0", "2"], ["83460.9", "0.14377984", "0", "2"], ["83440.2", "0.43", "0", "1"], ["83395", "0", "0", "0"]], "ts": "1742377119402", "checksum": -218438042, "seqId": 49713534872, "prevSeqId": 49713534835}], "record_time": 1742377120.260555}
{"arg": {"channel": "books", "instId": "BTC-USDT"}, "action": "update", "data": [{"asks": [["83553.7", "1.86805803", "0", "24"], ["83556.4", "0", "0", "0"], ["83556.5", "0.09908011", "0", "4"], ["83559", "0.23939492", "0", "1"], ["83559.9", "0", "0", "0"], ["83563.2", "0.003591", "0", "1"], ["83563.9", "0.01097934", "0", "1"], ["83581.5", "0", "0", "0"], ["83643.1", "0.00008565", "0", "1"]], "bids": [["83552", "0", "0", "0"], ["83546.9", "0.0001", "0", "1"], ["83546.8", "0.0001", "0", "1"], ["83546.1", "0.00085843", "0", "1"], ["83500.8", "0.08991011", "0", "1"], ["83500", "0.11039676", "0", "8"], ["83499.2", "0.0004", "0", "1"], ["83395.7", "0", "0", "0"], ["83395.5", "0", "0", "0"]], "ts": "1742377119502", "checksum": -1143696533, "seqId": 49713534918, "prevSeqId": 49713534872}], "record_time": 1742377120.360792}
{"arg": {"channel": "books", "instId": "BTC-USDT"}, "action": "update", "data": [{"asks": [["83553.7", "1.87903737", "0", "25"], ["83563.9", "0", "0", "0"], ["83581.5", "0.00363472", "0", "1"], ["83618.8", "0.17828474", "0", "4"]], "bids": [["83553.6", "0.52038478", "0", "7"], ["83546.9", "0.0002", "0", "2"], ["83546.8", "0", "0", "0"], ["83500.8", "0.09071011", "0", "3"], ["83500", "0.10999676", "0", "7"], ["83499.2", "0", "0", "0"], ["83395.7", "0.00444738", "0", "2"], ["83395.5", "0.05555555", "0", "1"]], "ts": "1742377119602", "checksum": 948456078, "seqId": 49713534934, "prevSeqId": 49713534918}], "record_time": 1742377120.460217}
{"arg": {"channel": "books", "instId": "BTC-USDT"}, "action": "update", "data": [{"asks": [["83556.5", "0.00917", "0", "3"], ["83559", "0", "0", "0"], ["83559.9", "0.23939178", "0", "1"]], "bids": [["83552", "0.0567", "0", "1"], ["83547", "0.0001", "0", "1"], ["83546.9", "0.0001", "0", "1"], ["83545.2", "0.32219329", "0", "2"], ["83395.7", "0", "0", "0"], ["83395.5", "0", "0", "0"]], "ts": "1742377119702", "checksum": -692937112, "seqId": 49713534948, "prevSeqId": 49713534934}], "record_time": 1742377120.563927}
{"arg": {"channel": "books", "instId": "BTC-USDT"}, "action": "update", "data": [{"asks": [], "bids": [["83545.2", "0.11969329", "0", "1"], ["83500.8", "0.08991011", "0", "1"], ["83500", "0.11039676", "0", "8"], ["83499.2", "0.0004", "0", "1"], ["83396.4", "0", "0", "0"]], "ts": "1742377119802", "checksum": 1279782829, "seqId": 49713534959, "prevSeqId": 49713534948}], "record_time": 1742377120.660483}
{"arg": {"channel": "books", "instId": "BTC-USDT"}, "action": "update", "data": [{"asks": [["83565.6", "0", "0", "0"], ["83656.2", "0.00300703", "0", "3"]], "bids": [], "ts": "1742377119902", "checksum": 1279782829, "seqId": 49713534971, "prevSeqId": 49713534959}], "record_time": 1742377120.760957}
{"arg": {"channel": "books", "instId": "BTC-USDT"}, "action": "update", "data": [{"asks": [["83553.8", "0.103591", "0", "2"], ["83556.5", "0.00907", "0", "2"], ["83556.6", "0.0001", "0", "1"], ["83559.1", "0.27454457", "0", "2"], ["83561.4", "0.0571599", "0", "1"], ["83563.2", "0", "0", "0"], ["83576.9", "0", "0", "0"], ["83578", "0", "0", "0"], ["83580", "0.02137958", "0", "2"], ["83656.3", "0.01074264", "0", "3"]], "bids": [["83552", "0", "0", "0"], ["83547", "0", "0", "0"], ["83546.9", "0", "0", "0"], ["83546.7", "0.00797902", "0", "3"], ["83517", "1", "0", "1"], ["83396.4", "0.01588198", "0", "1"], ["83395.7", "0.00444738", "0", "2"]], "ts": "1742377120002", "checksum": 1579067376, "seqId": 49713535007, "prevSeqId": 49713534971}], "record_time": 1742377120.860547}
{"arg": {"channel": "books", "instId": "BTC-USDT"}, "action": "update", "data": [{"asks": [["83556.4", "0.0001", "0", "1"], ["83556.6", "0", "0", "0"], ["83562", "0.004", "0", "2"], ["83572.1", "0.004", "0", "2"], ["83576.4", "0.15590766", "0", "1"], ["83579.9", "0", "0", "0"], ["83589.8", "0.01219896", "0", "1"], ["83619.4", "0.03013267", "0", "2"], ["83619.8", "0.00002668", "0", "1"], ["83656.3", "0", "0", "0"]], "bids": [["83553.6", "0.51911866", "0", "7"], ["83551.8", "0.007", "0", "2"], ["83546.9", "0.0001", "0", "1"], ["83546.8", "0.0001", "0", "1"], ["83546.7", "0.00777902", "0", "1"], ["83541.7", "0.002", "0", "1"], ["83520.7", "0.44663434", "0", "2"], ["83517.1", "0.01219896", "0", "1"], ["83516.9", "0", "0", "0"], ["83514.3", "0", "0", "0"], ["83503.4", "0.495466", "0", "1"], ["83396.7", "0", "0", "0"], ["83396.4", "0", "0", "0"], ["83395.7", "0", "0", "0"]], "ts": "1742377120102", "checksum": -976278869, "seqId": 49713535043, "prevSeqId": 49713535007}], "record_time": 1742377120.960202}
{"arg": {"channel": "books", "instId": "BTC-USDT"}, "action": "update", "data": [{"asks": [["83556.4", "0.0002", "0", "2"], ["83556.5", "0.00897", "0", "1"]], "bids": [["83553.6", "0.52037866", "0", "8"], ["83546.9", "0", "0", "0"], ["83546.8", "0.0002", "0", "2"], ["83396.7", "0.00008", "0", "1"]], "ts": "1742377120202", "checksum": -496828739, "seqId": 49713535067, "prevSeqId": 49713535043}], "record_time": 1742377121.060426}
{"arg": {"channel": "books", "instId": "BTC-USDT"}, "action": "update", "data": [{"asks": [["83559.9", "0.23939218", "0", "1"], ["83571.6", "0", "0", "0"], ["83601.3", "0", "0", "0"], ["83656.3", "0.01074264", "0", "3"], ["83656.4", "0.00599857", "0", "2"]], "bids": [["83512.7", "0.01796216", "0", "1"], ["83512.6", "0", "0", "0"], ["83489.7", "0", "0", "0"], ["83488.4", "0.00001013", "0", "1"], ["83419.2", "0", "0", "0"], ["83396.4", "0.01588198", "0", "1"], ["83395.7", "0.00444738", "0", "2"], ["83395.5", "0.05555555", "0", "1"]], "ts": "1742377120302", "checksum": 1575071486, "seqId": 49713535090, "prevSeqId": 49713535067}], "record_time": 1742377121.160076}
{"arg": {"channel": "books", "instId": "BTC-USDT"}, "action": "update", "data": [{"asks": [["83556.4", "0", "0", "0"], ["83556.5", "0.00917", "0", "3"], ["83559.9", "0.23939042", "0", "1"], ["83564.9", "1.5581502", "0", "1"], ["83567.9", "0.24157301", "0", "1"], ["83589.8", "0", "0", "0"], ["83594.7", "3.24279212", "0", "2"], ["83601.2", "0.38248281", "0", "1"], ["83622.3", "0.01219896", "0", "1"]], "bids": [["83512.4", "1.57644423", "0", "1"], ["83504.4", "0", "0", "0"], ["83504.3", "0", "0", "0"], ["83503.7", "0.23939035", "0", "1"], ["83501.1", "0", "0", "0"], ["83490.9", "0.19411509", "0", "1"], ["83488.5", "0.00001206", "0", "1"], ["83488.1", "0.00198266", "0", "1"], ["83482.7", "3.75240798", "0", "2"], ["83473.1", "1.03881171", "0", "2"], ["83472.6", "3.03864", "0", "1"], ["83395.5", "0", "0", "0"]], "ts": "1742377120402", "checksum": 902293331, "seqId": 49713535136, "prevSeqId": 49713535090}], "record_time": 1742377121.260572}
{"arg": {"channel": "books", "instId": "BTC-USDT"}, "action": "update", "data": [{"asks": [["83553.8", "0.1", "0", "1"], ["83556.4", "0.0001", "0", "1"], ["83556.5", "0.00907", "0", "2"], ["83559.9", "0.23939218", "0", "1"], ["83563.3", "0.75123429", "0", "1"], ["83656.4", "0", "0", "0"]], "bids": [["83546.8", "0", "0", "0"], ["83546.7", "0.00787902", "0", "2"], ["83546.5", "0.0001", "0", "1"], ["83520.7", "0.16254246", "0", "1"], ["83517", "0", "0", "0"], ["83503.7", "0", "0", "0"], ["83501.1", "0.23939102", "0", "1"], ["83395.5", "0.05555555", "0", "1"]], "ts": "1742377120502", "checksum": 643514592, "seqId": 49713535163, "prevSeqId": 49713535136}], "record_time": 1742377121.361291}
{"arg": {"channel": "books", "instId": "BTC-USDT"}, "action": "update", "data": [{"asks": [["83553.7", "2.29209097", "0", "27"], ["83554.4", "0.00777943", "0", "1"], ["83556.4", "0.0002", "0", "2"], ["83556.5", "0.00897", "0", "1"], ["83556.9", "0.08991011", "0", "1"], ["83559.8", "0.04", "0", "1"], ["83559.9", "0", "0", "0"], ["83564.5", "0", "0", "0"], ["83569", "0", "0", "0"], ["83589.8", "0.01219896", "0", "1"], ["83605.7", "0", "0", "0"], ["83605.8", "0", "0", "0"], ["83622.3", "0", "0", "0"], ["83656.4", "0.00599857", "0", "2"], ["83656.5", "0.0002003", "0", "1"]], "bids": [["83550.1", "0", "0", "0"], ["83549.1", "0", "0", "0"], ["83548.1", "0", "0", "0"], ["83547.2", "0.05449833", "0", "1"], ["83546.7", "0.00777902", "0", "1"], ["83546.5", "0", "0", "0"], ["83545.9", "0.00777984", "0", "1"], ["83545.8", "0.0001", "0", "1"], ["83545.6", "0.0001", "0", "1"], ["83545.4", "0.06259516", "0", "1"], ["83545.3", "0", "0", "0"], ["83545.2", "0", "0", "0"], ["83543.3", "0", "0", "0"], ["83543", "0.20144394", "0", "2"], ["83541.9", "0", "0", "0"], ["83540.7", "0.09085578", "0", "1"], ["83539.4", "0", "0", "0"], ["83537.7", "0.02490908", "0", "1"], ["83537.2", "0", "0", "0"], ["83535.7", "0", "0", "0"], ["83533.8", "0", "0", "0"], ["83533.5", "0.02490908", "0", "1"], ["83531.8", "0.00239429", "0", "1"], ["83530.8", "0", "0", "0"], ["83530.2", "0.000495", "0", "1"], ["83527.7", "0.01197249", "0", "1"], ["83520.2", "0", "0", "0"], ["83517.1", "0", "0", "0"], ["83516.9", "0.01219896", "0", "1"], ["83515.1", "0.57327126", "0", "1"], ["83501.1", "0", "0", "0"], ["83497", "0", "0", "0"], ["83496.3", "0.23941163", "0", "1"], ["83491.2", "0.26115835", "0", "2"], ["83395", "0.00017369", "0", "2"], ["83394.9", "0.00078135", "0", "2"], ["83394.3", "0.03", "0", "1"], ["83393.4", "0.00001205", "0", "1"]], "ts": "1742377120602", "checksum": 507290582, "seqId": 49713535253, "prevSeqId": 49713535163}], "record_time": 1742377121.460902}
{"arg": {"channel": "books", "instId": "BTC-USDT"}, "action": "update", "data": [{"asks": [["83553.7", "2.06834467", "0", "27"], ["83554.1", "0.08392837", "0", "2"], ["83556.8", "0.23940289", "0", "1"], ["83599.9", "0.59530749", "0", "6"], ["83656.5", "0", "0", "0"]], "bids": [["83545.9", "0.00797984", "0", "3"], ["83545.8", "0", "0", "0"], ["83545.6", "0", "0", "0"], ["83545.4", "0.13381117", "0", "1"], ["83543.1", "0.27755506", "0", "2"], ["83541.9", "0.35972754", "0", "1"], ["83534.5", "0.208393", "0", "2"], ["83522.2", "0.26714822", "0", "2"], ["83510", "0", "0", "0"], ["83499.2", "0.23980289", "0", "2"], ["83496.3", "0", "0", "0"], ["83451.7", "0.01437956", "0", "1"], ["83426.4", "0.12391779", "0", "2"], ["83393.1", "0.00001731", "0", "1"]], "ts": "1742377120702", "checksum": -531581020, "seqId": 49713535286, "prevSeqId": 49713535253}], "record_time": 1742377121.561701}
{"arg": {"channel": "books", "instId": "BTC-USDT"}, "action": "update", "data": [{"asks": [["83556.4", "0.0001", "0", "1"], ["83556.5", "0.00907", "0", "2"], ["83556.8", "0.23939875", "0", "1"], ["83580.3", "0.68130909", "0", "2"], ["83622.4", "0.39914095", "0", "4"]], "bids": [["83545.9", "0.00777984", "0", "1"], ["83545.7", "0.000115", "0", "2"], ["83545.6", "0.0001", "0", "1"], ["83541.1", "0", "0", "0"], ["83500.6", "0.23939875", "0", "1"], ["83499.2", "0.0004", "0", "1"], ["83393.1", "0", "0", "0"]], "ts": "1742377120802", "checksum": -2143464687, "seqId": 49713535312, "prevSeqId": 49713535286}], "record_time": 1742377121.660615}
{"arg": {"channel": "books", "instId": "BTC-USDT"}, "action": "update", "data": [{"asks": [["83556.3", "0.0001", "0", "1"], ["83556.5", "0.00897", "0", "1"], ["83556.8", "0", "0", "0"], ["83556.9", "0", "0", "0"], ["83559", "0.23939779", "0", "1"], ["83580.2", "0.01219896", "0", "1"], ["83589.8", "0", "0", "0"]], "bids": [["83547.2", "0", "0", "0"], ["83545.9", "0.00797984", "0", "3"], ["83545.7", "0.000015", "0", "1"], ["83545.6", "0", "0", "0"], ["83545.1", "0.11969331", "0", "1"], ["83543", "0.0817475", "0", "1"], ["83529.8", "0.00360959", "0", "1"], ["83501.1", "0.23939779", "0", "1"], ["83500.6", "0", "0", "0"]], "ts": "1742377120902", "checksum": -1973448414, "seqId": 49713535337, "prevSeqId": 49713535312}], "record_time": 1742377121.766174}
{"arg": {"channel": "books", "instId": "BTC-USDT"}, "action": "update", "data": [{"asks": [["83556.3", "0", "0", "0"], ["83556.5", "0.00907", "0", "2"], ["83581", "1", "0", "1"], ["83586", "0.2", "0", "1"], ["83656.4", "0", "0", "0"]], "bids": [["83546.1", "0.00105843", "0", "3"], ["83545.9", "0.00777984", "0", "1"], ["83533.2", "0.0000525", "0", "1"], ["83530.2", "0", "0", "0"], ["83515.1", "0", "0", "0"], ["83501.9", "0.57263787", "0", "1"]], "ts": "1742377121002", "checksum": -1068608595, "seqId": 49713535354, "prevSeqId": 49713535337}], "record_time": 1742377121.863029}
{"arg": {"channel": "books", "instId": "BTC-USDT"}, "action": "update", "data": [{"asks": [["83556.4", "0", "0", "0"], ["83556.5", "0.00917", "0", "3"], ["83581", "0", "0", "0"], ["83586", "0", "0", "0"], ["83656.4", "0.00599857", "0", "2"], ["83656.5", "0.0002003", "0", "1"], ["83656.6", "0.00012", "0", "1"]], "bids": [], "ts": "1742377121102", "checksum": 1004312159, "seqId": 49713535362, "prevSeqId": 49713535354}], "record_time": 1742377121.960295}
{"arg": {"channel": "books", "instId": "BTC-USDT"}, "action": "update", "data": [{"asks": [["83556.3", "0.0001", "0", "1"], ["83556.4", "0.0001", "0", "1"], ["83556.5", "0.00897", "0", "1"], ["83593.6", "1.10967685", "0", "2"], ["83656.5", "0", "0", "0"], ["83656.6", "0", "0", "0"]], "bids": [["83546.1", "0.00085843", "0", "1"], ["83546", "0.0001", "0", "1"], ["83545.9", "0.00787984", "0", "2"], ["83545.6", "0.10422748", "0", "1"], ["83545.5", "0.13877753", "0", "1"], ["83545.4", "0", "0", "0"], ["83543.1", "0", "0", "0"], ["83537.7", "0", "0", "0"], ["83512.5", "0.70268255", "0", "2"]], "ts": "1742377121302", "checksum": -1087365074, "seqId": 49713535392, "prevSeqId": 49713535362}], "record_time": 1742377122.160605}
{"arg": {"channel": "books", "instId": "BTC-USDT"}, "action": "update", "data": [{"asks": [["83553.7", "2.17380684", "0", "28"], ["83556.3", "0", "0", "0"], ["83556.4", "0", "0", "0"], ["83556.5", "0.00917", "0", "3"], ["83558.1", "0.2394025", "0", "1"], ["83558.2", "0.08991011", "0", "1"], ["83559", "0", "0", "0"], ["83634", "0.00002119", "0", "1"], ["83656.5", "0.0002003", "0", "1"]], "bids": [["83546.2", "0.0001", "0", "1"], ["83546.1", "0.00095843", "0", "2"], ["83546", "0", "0", "0"], ["83545.9", "0.00777984", "0", "1"], ["83501.1", "0", "0", "0"], ["83497.7", "0.23940366", "0", "1"]], "ts": "1742377121402", "checksum": -389218024, "seqId": 49713535435, "prevSeqId": 49713535392}], "record_time": 1742377122.260393}
{"arg": {"channel": "books", "instId": "BTC-USDT"}, "action": "update", "data": [{"asks": [["83553.8", "0.103591", "0", "2"], ["83556.4", "0.0002", "0", "2"], ["83556.5", "0.00897", "0", "1"], ["83558.1", "0.2394045", "0", "1"], ["83656.5", "0", "0", "0"]], "bids": [["83550", "0", "0", "0"], ["83546.2", "0", "0", "0"], ["83546.1", "0.00085843", "0", "1"], ["83545.8", "0.0001", "0", "1"], ["83545.6", "0.10432748", "0", "2"], ["83533.2", "0", "0", "0"], ["83529.8", "0", "0", "0"], ["83528.9", "0", "0", "0"], ["83526.7", "0.04", "0", "1"], ["83515", "1", "0", "1"], ["83413.2", "0", "0", "0"], ["83405.3", "0.01196303", "0", "1"], ["83393.1", "0.00001731", "0", "1"], ["83393", "0.01489957", "0", "2"]], "ts": "1742377121502", "checksum": 897040225, "seqId": 49713535467, "prevSeqId": 49713535435}], "record_time": 1742377122.362044}
{"arg": {"channel": "books", "instId": "BTC-USDT"}, "action": "update", "data": [{"asks": [["83581.5", "0", "0", "0"], ["83656.2", "0.00002037", "0", "2"], ["83656.5", "0.0002003", "0", "1"]], "bids": [["83546.1", "0.00105843", "0", "3"], ["83545.8", "0", "0", "0"], ["83545.6", "0.10422748", "0", "1"], ["83538.4", "0.02490908", "0", "1"], ["83529.5", "0.00351299", "0", "1"], ["83527.5", "0.004302", "0", "1"], ["83500.6", "0.2393983", "0", "1"], ["83497.7", "0", "0", "0"], ["83460.6", "0", "0", "0"], ["83451.3", "0", "0", "0"], ["83440.8", "0.17953568", "0", "1"], ["83432.4", "0", "0", "0"], ["83419.7", "0", "0", "0"], ["83392.9", "0.0429", "0", "3"], ["83392.8", "0.0286", "0", "2"]], "ts": "1742377121602", "checksum": -844720673, "seqId": 49713535503, "prevSeqId": 49713535467}], "record_time": 1742377122.462175}
{"arg": {"channel": "books", "instId": "BTC-USDT"}, "action": "update", "data": [{"asks": [], "bids": [["83550", "0.0567", "0", "1"], ["83529.5", "0", "0", "0"], ["83505", "0.2", "0", "1"], ["83392.8", "0", "0", "0"]], "ts": "1742377121702", "checksum": -1382513424, "seqId": 49713535514, "prevSeqId": 49713535503}], "record_time": 1742377122.560975}
{"arg": {"channel": "books", "instId": "BTC-USDT"}, "action": "update", "data": [{"asks": [["83553.7", "2.06898324", "0", "28"], ["83556.4", "0", "0", "0"], ["83556.5", "0.00917", "0", "3"], ["83656.6", "0.00012", "0", "1"]], "bids": [["83515", "0", "0", "0"], ["83505", "0", "0", "0"], ["83500.6", "0", "0", "0"], ["83499.2", "0.23980166", "0", "2"], ["83392.8", "0.0286", "0", "2"], ["83391.6", "0.2025", "0", "1"], ["83391", "0.10497659", "0", "2"]], "ts": "1742377121802", "checksum": 924014980, "seqId": 49713535541, "prevSeqId": 49713535514}], "record_time": 1742377122.661616}
{"arg": {"channel": "books", "instId": "BTC-USDT"}, "action": "update", "data": [{"asks": [], "bids": [["83527.5", "0", "0", "0"], ["83390.9", "0.00427658", "0", "1"]], "ts": "1742377121902", "checksum": 924014980, "seqId": 49713535549, "prevSeqId": 49713535541}], "record_time": 1742377122.760456}
{"arg": {"channel": "books", "instId": "BTC-USDT"}, "action": "update", "data": [{"asks": [], "bids": [["83499.2", "0.0004", "0", "1"], ["83497.7", "0.23940289", "0", "1"], ["83488.8", "0.01196303", "0", "1"], ["83486.5", "0", "0", "0"], ["83390.9", "0", "0", "0"]], "ts": "1742377122002", "checksum": 924014980, "seqId": 49713535559, "prevSeqId": 49713535549}], "record_time": 1742377122.862547}
{"arg": {"channel": "books", "instId": "BTC-USDT"}, "action": "update", "data": [{"asks": [["83553.7", "2.4387176", "0", "30"], ["83558.1", "0", "0", "0"], ["83619.3", "0.00013267", "0", "1"], ["83619.4", "0.03", "0", "1"], ["83624.8", "0.07174907", "0", "1"], ["83649.8", "0.00299693", "0", "2"]], "bids": [["83550", "0", "0", "0"], ["83545.6", "0.0956886", "0", "2"], ["83545.1", "0", "0", "0"], ["83542.7", "0.11969685", "0", "1"], ["83538.4", "0", "0", "0"], ["83531.7", "0.35975004", "0", "2"], ["83497.7", "0.23940429", "0", "1"], ["83492.3", "0", "0", "0"], ["83491.9", "0.01843387", "0", "1"], ["83460.9", "0.07188992", "0", "1"], ["83454.2", "0.00725619", "0", "2"], ["83440.9", "0.00597332", "0", "1"], ["83429.5", "0.009015", "0", "3"], ["83420.5", "0.01194665", "0", "1"], ["83412.2", "0.01920715", "0", "2"]], "ts": "1742377122102", "checksum": -1535358149, "seqId": 49713535640, "prevSeqId": 49713535559}], "record_time": 1742377122.963718}
{"arg": {"channel": "books", "instId": "BTC-USDT"}, "action": "update", "data": [{"asks": [["83553.7", "2.06898324", "0", "28"], ["83556.4", "0.0001", "0", "1"], ["83556.5", "0.00907", "0", "2"], ["83558.2", "0", "0", "0"], ["83559.7", "0.23939239", "0", "1"], ["83581.5", "0.00354603", "0", "1"], ["83619.3", "0", "0", "0"], ["83624.8", "0.14349814", "0", "2"], ["83656.6", "0", "0", "0"]], "bids": [["83552", "0.0567", "0", "1"], ["83548.1", "0.01934371", "0", "1"], ["83545.6", "0.06831948", "0", "1"], ["83542.7", "0", "0", "0"], ["83538.4", "0.02490908", "0", "1"], ["83529", "0.18318333", "0", "2"], ["83521.1", "0.01097934", "0", "1"], ["83502", "0.23939344", "0", "1"], ["83497.7", "0", "0", "0"], ["83460.9", "0.14377984", "0", "2"], ["83392.8", "0", "0", "0"], ["83391.6", "0", "0", "0"], ["83391", "0", "0", "0"]], "ts": "1742377122202", "checksum": 1301404571, "seqId": 49713535706, "prevSeqId": 49713535640}], "record_time": 1742377123.060727}
{"arg": {"channel": "books", "instId": "BTC-USDT"}, "action": "update", "data": [{"asks": [["83553.7", "1.89533345", "0", "27"], ["83556.4", "0.0002", "0", "2"], ["83556.5", "0.00897", "0", "1"], ["83559.7", "0", "0", "0"], ["83560.9", "0.23938911", "0", "1"], ["83580.2", "0.74033261", "0", "2"], ["83581.6", "0", "0", "0"], ["83605.4", "0.31463323", "0", "1"], ["83619.3", "0.00013267", "0", "1"], ["83656.5", "0", "0", "0"]], "bids": [["83546.7", "0.00797902", "0", "3"], ["83546.1", "0.00085843", "0", "1"], ["83503.7", "0.23938911", "0", "1"], ["83503.5", "0.60555155", "0", "2"], ["83502", "0", "0", "0"]], "ts": "1742377122302", "checksum": -8227673, "seqId": 49713535740, "prevSeqId": 49713535706}], "record_time": 1742377123.160486}
{"arg": {"channel": "books", "instId": "BTC-USDT"}, "action": "update", "data": [{"asks": [["83556.4", "0", "0", "0"], ["83556.5", "0.00917", "0", "3"], ["83656.5", "0.0002003", "0", "1"]], "bids": [], "ts": "1742377122402", "checksum": -1653708537, "seqId": 49713535751, "prevSeqId": 49713535740}], "record_time": 1742377123.261463}
{"arg": {"channel": "books", "instId": "BTC-USDT"}, "action": "update", "data": [{"asks": [["83553.8", "0.1", "0", "1"], ["83556.3", "0.0001", "0", "1"], ["83556.5", "0.00907", "0", "2"], ["83656.5", "0", "0", "0"]], "bids": [["83546.9", "0.0001", "0", "1"], ["83546.7", "0.00777902", "0", "1"], ["83546.5", "0.0001", "0", "1"], ["83393", "0", "0", "0"], ["83392.9", "0", "0", "0"]], "ts": "1742377122502", "checksum": 965876281, "seqId": 49713535769, "prevSeqId": 49713535751}], "record_time": 1742377123.361517}
{"arg": {"channel": "books", "instId": "BTC-USDT"}, "action": "update", "data": [{"asks": [["83556.3", "0.0002", "0", "2"], ["83556.5", "0.00897", "0", "1"], ["83560.9", "0", "0", "0"], ["83562.7", "0.23938708", "0", "1"]], "bids": [["83546.9", "0.0002", "0", "2"], ["83546.5", "0", "0", "0"], ["83545.6", "0.12052955", "0", "2"], ["83545.2", "0.2025", "0", "1"], ["83504.7", "0.23938708", "0", "1"], ["83503.7", "0", "0", "0"]], "ts": "1742377122602", "checksum": 1545763732, "seqId": 49713535790, "prevSeqId": 49713535769}], "record_time": 1742377123.460662}
{"arg": {"channel": "books", "instId": "BTC-USDT"}, "action": "update", "data": [{"asks": [["83553.7", "1.88272345", "0", "26"], ["83556.3", "0", "0", "0"], ["83556.5", "0.00917", "0", "3"], ["83656.5", "0.0002003", "0", "1"]], "bids": [["83551", "0.05500345", "0", "1"], ["83546.9", "0", "0", "0"], ["83546.8", "0.0001", "0", "1"], ["83546.7", "0.00787902", "0", "2"], ["83545.6", "0.06831948", "0", "1"], ["83545.5", "0", "0", "0"]], "ts": "1742377122702", "checksum": -1387050155, "seqId": 49713535819, "prevSeqId": 49713535790}], "record_time": 1742377123.562252}
{"arg": {"channel": "books", "instId": "BTC-USDT"}, "action": "update", "data": [{"asks": [["83556.4", "0.0001", "0", "1"], ["83556.5", "0.00907", "0", "2"], ["83656.5", "0", "0", "0"]], "bids": [["83546.8", "0.0002", "0", "2"], ["83546.7", "0.00777902", "0", "1"], ["83518", "1", "0", "1"], ["83511", "0.2", "0", "1"], ["83393.4", "0", "0", "0"], ["83393.1", "0", "0", "0"]], "ts": "1742377122802", "checksum": -1564441622, "seqId": 49713535847, "prevSeqId": 49713535819}], "record_time": 1742377123.661744}
{"arg": {"channel": "books", "instId": "BTC-USDT"}, "action": "update", "data": [{"asks": [["83556.4", "0.0002", "0", "2"], ["83556.5", "0.00897", "0", "1"]], "bids": [["83546.8", "0.0001", "0", "1"], ["83546.7", "0.00787902", "0", "2"], ["83545.6", "0.13275529", "0", "2"], ["83543.3", "0.17953", "0", "1"], ["83535", "0", "0", "0"], ["83531.7", "0.35972754", "0", "1"], ["83518.5", "0.01219896", "0", "1"], ["83518", "0", "0", "0"], ["83516.9", "0", "0", "0"], ["83511", "0", "0", "0"], ["83393.4", "0.00001205", "0", "1"], ["83393.1", "0.00001731", "0", "1"]], "ts": "1742377122902", "checksum": 519565483, "seqId": 49713535872, "prevSeqId": 49713535847}], "record_time": 1742377123.760914}
{"arg": {"channel": "books", "instId": "BTC-USDT"}, "action": "update", "data": [{"asks": [["83553.7", "1.87174411", "0", "25"], ["83556.4", "0", "0", "0"], ["83556.5", "0.00917", "0", "3"], ["83561.5", "0.01097934", "0", "1"]], "bids": [["83546.8", "0.0002", "0", "2"], ["83546.7", "0.00777902", "0", "1"]], "ts": "1742377123002", "checksum": 642207772, "seqId": 49713535893, "prevSeqId": 49713535872}], "record_time": 1742377123.860275}
{"arg": {"channel": "books", "instId": "BTC-USDT"}, "action": "update", "data": [{"asks": [["83553.7", "1.88272345", "0", "26"], ["83556.4", "0.0002", "0", "2"], ["83556.5", "0.00897", "0", "1"], ["83561.5", "0", "0", "0"], ["83581", "1", "0", "1"], ["83585", "0.2", "0", "1"], ["83656.3", "0", "0", "0"], ["83656.4", "0", "0", "0"]], "bids": [["83551", "0", "0", "0"], ["83546.8", "0", "0", "0"], ["83546.7", "0.00787902", "0", "2"], ["83546.6", "0.0001", "0", "1"], ["83545.6", "0.16975294", "0", "2"], ["83545.2", "0", "0", "0"], ["83543.7", "0.18704797", "0", "1"], ["83534.2", "0.35309946", "0", "3"], ["83518.5", "0", "0", "0"], ["83516.9", "0.01219896", "0", "1"], ["83393", "0.01489957", "0", "2"]], "ts": "1742377123102", "checksum": 1175635259, "seqId": 49713535928, "prevSeqId": 49713535893}], "record_time": 1742377123.960571}
{"arg": {"channel": "books", "instId": "BTC-USDT"}, "action": "update", "data": [{"asks": [["83556.4", "0", "0", "0"], ["83556.5", "0.00917", "0", "3"], ["83581", "0", "0", "0"], ["83585", "0", "0", "0"], ["83656.3", "0.01074264", "0", "3"], ["83656.4", "0.00599857", "0", "2"], ["83656.5", "0.0002003", "0", "1"]], "bids": [["83546.8", "0.0002", "0", "2"], ["83546.7", "0.00777902", "0", "1"], ["83546.6", "0", "0", "0"], ["83541.1", "0.35905", "0", "1"], ["83393", "0", "0", "0"]], "ts": "1742377123202", "checksum": 1428502007, "seqId": 49713535946, "prevSeqId": 49713535928}], "record_time": 1742377124.060748}
{"arg": {"channel": "books", "instId": "BTC-USDT"}, "action": "update", "data": [{"asks": [["83556.4", "0.0001", "0", "1"], ["83556.5", "0.00907", "0", "2"], ["83563.3", "0.31131039", "0", "1"], ["83564.9", "0", "0", "0"], ["83593.6", "0.248564", "0", "1"], ["83594.7", "0.47212", "0", "1"], ["83596.8", "0.58047602", "0", "2"]], "bids": [["83553.6", "0.51999781", "0", "8"], ["83546.8", "0", "0", "0"], ["83546.5", "0.0001", "0", "1"], ["83546.2", "0.0001", "0", "1"], ["83545.6", "0.10791343", "0", "1"], ["83544.8", "0.11969379", "0", "1"], ["83543.7", "0", "0", "0"], ["83538.6", "0.00001205", "0", "1"], ["83512.5", "0.00001501", "0", "1"], ["83512.4", "0", "0", "0"], ["83508", "0.18867351", "0", "2"], ["83483.1", "0", "0", "0"], ["83482.7", "0.871617", "0", "1"], ["83393", "0.01489957", "0", "2"]], "ts": "1742377123302", "checksum": 1310030180, "seqId": 49713535985, "prevSeqId": 49713535946}], "record_time": 1742377124.161105}
{"arg": {"channel": "books", "instId": "BTC-USDT"}, "action": "update", "data": [{"asks": [["83553.7", "1.88158144", "0", "26"], ["83556.3", "0.0001", "0", "1"], ["83556.5", "0.00897", "0", "1"], ["83559.1", "0.74446192", "0", "1"], ["83562.3", "1.55981524", "0", "1"], ["83580.2", "0.72813365", "0", "1"], ["83592", "2.86645917", "0", "3"], ["83628", "0.01220929", "0", "2"], ["83656.4", "0", "0", "0"], ["83656.5", "0", "0", "0"]], "bids": [["83553.6", "0.52037781", "0", "9"], ["83550.9", "0.05500411", "0", "1"], ["83546.8", "0.0001", "0", "1"], ["83546.6", "0.0001", "0", "1"], ["83546.5", "0", "0", "0"], ["83546.2", "0", "0", "0"], ["83516.9", "0", "0", "0"], ["83515", "1.57404439", "0", "1"], ["83485.3", "2.75713434", "0", "2"], ["83473.2", "0.01698628", "0", "2"], ["83393", "0", "0", "0"]], "ts": "1742377123402", "checksum": -549548429, "seqId": 49713536021, "prevSeqId": 49713535985}], "record_time": 1742377124.260788}
{"arg": {"channel": "books", "instId": "BTC-USDT"}, "action": "update", "data": [{"asks": [["83556.3", "0", "0", "0"], ["83556.4", "0.0002", "0", "2"], ["83656.4", "0.00599857", "0", "2"]], "bids": [["83547", "0.0001", "0", "1"], ["83546.9", "0.0001", "0", "1"], ["83546.8", "0", "0", "0"], ["83546.6", "0", "0", "0"], ["83538.6", "0.35906205", "0", "2"]], "ts": "1742377123502", "checksum": 1615464749, "seqId": 49713536052, "prevSeqId": 49713536021}], "record_time": 1742377124.360044}
{"arg": {"channel": "books", "instId": "BTC-USDT"}, "action": "update", "data": [{"asks": [["83558.1", "0.003591", "0", "1"], ["83656.4", "0", "0", "0"]], "bids": [], "ts": "1742377123602", "checksum": 620023851, "seqId": 49713536056, "prevSeqId": 49713536052}], "record_time": 1742377124.460457}
{"arg": {"channel": "books", "instId": "BTC-USDT"}, "action": "update", "data": [{"asks": [["83580.1", "0.01219896", "0", "1"], ["83628", "0.00001033", "0", "1"], ["83656.3", "0", "0", "0"]], "bids": [["83516.9", "0.01219896", "0", "1"], ["83473.2", "0.00478732", "0", "1"], ["83393.1", "0", "0", "0"]], "ts": "1742377123702", "checksum": 620023851, "seqId": 49713536061, "prevSeqId": 49713536056}], "record_time": 1742377124.560534}
{"arg": {"channel": "books", "instId": "BTC-USDT"}, "action": "update", "data": [{"asks": [["83553.7", "1.78704554", "0", "23"], ["83556.4", "0", "0", "0"], ["83556.5", "0.00917", "0", "3"], ["83562.7", "0", "0", "0"], ["83566.5", "0.23938472", "0", "1"], ["83656.3", "0.01074264", "0", "3"]], "bids": [["83550.3", "0.0002", "0", "2"], ["83547", "0", "0", "0"], ["83546.9", "0", "0", "0"], ["83505.7", "0.23938472", "0", "1"], ["83504.7", "0", "0", "0"], ["83393.1", "0.00001731", "0", "1"]], "ts": "1742377123802", "checksum": -1823194473, "seqId": 49713536085, "prevSeqId": 49713536061}], "record_time": 1742377124.660855}
{"arg": {"channel": "books", "instId": "BTC-USDT"}, "action": "update", "data": [{"asks": [["83553.7", "1.85004554", "0", "25"], ["83563.9", "0.23938594", "0", "1"], ["83566.5", "0", "0", "0"]], "bids": [["83518", "1", "0", "1"], ["83510", "0.06373443", "0", "1"], ["83393.4", "0", "0", "0"], ["83393.1", "0", "0", "0"]], "ts": "1742377123902", "checksum": -493576908, "seqId": 49713536103, "prevSeqId": 49713536085}], "record_time": 1742377124.760404}
{"arg": {"channel": "books", "instId": "BTC-USDT"}, "action": "update", "data": [{"asks": [["83624.8", "0.07174907", "0", "1"]], "bids": [["83518.5", "0.01219896", "0", "1"], ["83516.9", "0", "0", "0"], ["83510", "0", "0", "0"], ["83460.9", "0.07188992", "0", "1"], ["83393.4", "0.00001205", "0", "1"]], "ts": "1742377124002", "checksum": -493576908, "seqId": 49713536116, "prevSeqId": 49713536103}], "record_time": 1742377124.860156}
{"arg": {"channel": "books", "instId": "BTC-USDT"}, "action": "update", "data": [{"asks": [["83553.9", "0.24882828", "0", "2"], ["83558.1", "0", "0", "0"], ["83560.9", "0.23938954", "0", "1"], ["83563.9", "0", "0", "0"], ["83570.3", "0.12324837", "0", "2"], ["83624.8", "0", "0", "0"], ["83656.4", "0.00599857", "0", "2"], ["83656.5", "0.0002003", "0", "1"]], "bids": [["83531.8", "0", "0", "0"], ["83505.7", "0", "0", "0"], ["83503.7", "0.23938954", "0", "1"], ["83492.3", "0.01843277", "0", "1"], ["83491.9", "0", "0", "0"], ["83460.9", "0", "0", "0"], ["83393.1", "0.00001731", "0", "1"], ["83393", "0.01489957", "0", "2"]], "ts": "1742377124102", "checksum": -1153410982, "seqId": 49713536145, "prevSeqId": 49713536116}], "record_time": 1742377124.960954}
{"arg": {"channel": "books", "instId": "BTC-USDT"}, "action": "update", "data": [{"asks": [["83553.9", "0.25122194", "0", "3"], ["83556.4", "0.0002", "0", "2"], ["83556.5", "0.00897", "0", "1"], ["83560.9", "0", "0", "0"], ["83562.2", "0.23938729", "0", "1"], ["83578", "0.1", "0", "1"], ["83581", "1", "0", "1"], ["83624.8", "0.14349814", "0", "2"], ["83656.2", "0", "0", "0"], ["83656.3", "0", "0", "0"], ["83656.4", "0", "0", "0"], ["83656.5", "0", "0", "0"]], "bids": [["83535", "0.17953", "0", "1"], ["83531.8", "0.00239429", "0", "1"], ["83508", "0.10186506", "0", "1"], ["83504.7", "0.23938729", "0", "1"], ["83503.7", "0", "0", "0"], ["83460.9", "0.14377984", "0", "2"], ["83393.4", "0", "0", "0"], ["83393.1", "0", "0", "0"], ["83393", "0", "0", "0"]], "ts": "1742377124202", "checksum": -881820549, "seqId": 49713536178, "prevSeqId": 49713536145}], "record_time": 1742377125.060653}
{"arg": {"channel": "books", "instId": "BTC-USDT"}, "action": "update", "data": [{"asks": [["83553.8", "0.103591", "0", "2"], ["83562.2", "0", "0", "0"], ["83566.5", "0.23938455", "0", "1"], ["83570.3", "0.11965737", "0", "1"], ["83589.9", "1.25874428", "0", "1"]], "bids": [["83535", "0", "0", "0"], ["83520.7", "0.44334054", "0", "2"], ["83504.7", "0.23938546", "0", "1"], ["83487.5", "0.88642311", "0", "2"], ["83393.4", "0.00001205", "0", "1"]], "ts": "1742377124302", "checksum": -160467353, "seqId": 49713536213, "prevSeqId": 49713536178}], "record_time": 1742377125.160451}
{"arg": {"channel": "books", "instId": "BTC-USDT"}, "action": "update", "data": [{"asks": [["83562.2", "0.23938785", "0", "1"], ["83566.5", "0", "0", "0"]], "bids": [["83504.7", "0", "0", "0"], ["83503.7", "0.23938845", "0", "1"]], "ts": "1742377124402", "checksum": 89334625, "seqId": 49713536229, "prevSeqId": 49713536213}], "record_time": 1742377125.264114}
{"arg": {"channel": "books", "instId": "BTC-USDT"}, "action": "update", "data": [{"asks": [["83552.3", "1.81020594", "0", "17"], ["83553.3", "0.23940407", "0", "1"], ["83553.4", "0.1", "0", "1"], ["83553.5", "1.43708736", "0", "2"], ["83553.6", "0.42", "0", "1"], ["83553.7", "0.65479608", "0", "5"], ["83553.8", "0", "0", "0"], ["83553.9", "0.00239366", "0", "1"], ["83554", "0.42", "0", "1"], ["83554.4", "0", "0", "0"], ["83555.9", "0.01977956", "0", "2"], ["83556.4", "0.0001", "0", "1"], ["83556.5", "0.08991011", "0", "1"], ["83556.8", "0.02692", "0", "1"], ["83558.3", "0.00787928", "0", "2"], ["83558.9", "0.0538607", "0", "1"], ["83559", "0.17953568", "0", "1"], ["83560", "0.02921362", "0", "1"], ["83561.2", "0", "0", "0"], ["83562.2", "0", "0", "0"], ["83562.8", "0", "0", "0"], ["83564.2", "0.03", "0", "1"], ["83566.6", "0", "0", "0"], ["83567.7", "0", "0", "0"], ["83568", "0", "0", "0"], ["83568.5", "0", "0", "0"], ["83574.7", "0", "0", "0"], ["83575.4", "0", "0", "0"], ["83575.5", "0", "0", "0"], ["83576.5", "0", "0", "0"], ["83580.9", "0.15207424", "0", "2"], ["83581.3", "0", "0", "0"], ["83582.5", "0", "0", "0"], ["83583.4", "0", "0", "0"], ["83584.6", "0", "0", "0"], ["83585.2", "0", "0", "0"], ["83591.2", "0.09872442", "0", "3"], ["83592", "2.82645916", "0", "2"], ["83592.8", "0", "0", "0"], ["83601.8", "0.15207424", "0", "2"], ["83656.2", "0.00002037", "0", "2"], ["83656.3", "0.01074264", "0", "3"], ["83656.4", "0.00599857", "0", "2"], ["83656.5", "0.0002003", "0", "1"], ["83656.6", "0.00012", "0", "1"], ["83656.8", "0.02178805", "0", "6"], ["83657", "0.04306939", "0", "4"], ["83657.1", "0.04397404", "0", "7"], ["83657.2", "0.00014", "0", "1"], ["83657.4", "0.00005997", "0", "1"], ["83657.8", "0.00074148", "0", "1"]], "bids": [["83553.6", "0", "0", "0"], ["83552", "0", "0", "0"], ["83550.9", "0", "0", "0"], ["83550.3", "0.0001", "0", "1"], ["83550.2", "0.0001", "0", "1"], ["83548.1", "0", "0", "0"], ["83548", "0", "0", "0"], ["83545.7", "0", "0", "0"], ["83545.6", "0", "0", "0"], ["83544.9", "0.4887538", "0", "3"], ["83543.4", "0.13877753", "0", "1"], ["83543.3", "0", "0", "0"], ["83542.3", "0.00120954", "0", "1"], ["83541.2", "0", "0", "0"], ["83541.1", "0", "0", "0"], ["83540.7", "0", "0", "0"], ["83539.7", "0.22922139", "0", "1"], ["83539.3", "0", "0", "0"], ["83539.2", "0.15207424", "0", "2"], ["83538.6", "0.00001205", "0", "1"], ["83538.4", "0", "0", "0"], ["83534.2", "0.1900928", "0", "1"], ["83532.7", "0", "0", "0"], ["83532", "0.01596", "0", "1"], ["83531", "0.213", "0", "4"], ["83530.8", "0.00718298", "0", "1"], ["83527.8", "0", "0", "0"], ["83527.2", "0", "0", "0"], ["83526", "0", "0", "0"], ["83525", "0.01596", "0", "1"], ["83523.9", "0", "0", "0"], ["83522.2", "0.00380435", "0", "1"], ["83521.9", "0", "0", "0"], ["83518.3", "0", "0", "0"], ["83518", "0", "0", "0"], ["83503.7", "0", "0", "0"], ["83497.7", "0.23940407", "0", "1"], ["83497.4", "0", "0", "0"], ["83393.1", "0.00001731", "0", "1"], ["83393", "0.01489957", "0", "2"], ["83392.9", "0.0429", "0", "3"], ["83392.8", "0.0286", "0", "2"], ["83391.6", "0.2025", "0", "1"], ["83391", "0.10497659", "0", "2"], ["83390.9", "0.00427658", "0", "1"], ["83390.5", "0.01316", "0", "1"], ["83390", "0.0000721", "0", "1"], ["83389.5", "0.03", "0", "1"], ["83389.3", "0.0000913", "0", "1"], ["83388.8", "0.35972754", "0", "1"], ["83388.7", "0.17953568", "0", "1"], ["83388.6", "0.11992025", "0", "1"], ["83388.4", "0.00001501", "0", "1"], ["83387.2", "0.00062604", "0", "1"], ["83386.5", "0.01797732", "0", "1"]], "ts": "1742377124502", "checksum": 754975060, "seqId": 49713536409, "prevSeqId": 49713536229}], "record_time": 1742377125.366745}
{"arg": {"channel": "books", "instId": "BTC-USDT"}, "action": "update", "data": [{"asks": [["83548.1", "1.90409158", "0", "17"], ["83550", "0.0002", "0", "2"], ["83551.7", "0.60343158", "0", "1"], ["83552", "0.001795", "0", "1"], ["83552.2", "0.42", "0", "1"], ["83552.3", "0.72417503", "0", "5"], ["83553.3", "0", "0", "0"], ["83553.4", "0", "0", "0"], ["83553.5", "0.35972754", "0", "1"], ["83553.7", "0.23479608", "0", "4"], ["83554", "0", "0", "0"], ["83556.4", "0.09396452", "0", "1"], ["83558.3", "0.00777928", "0", "1"], ["83558.5", "0.00001205", "0", "1"], ["83558.9", "0", "0", "0"], ["83559.1", "0.53731387", "0", "1"], ["83559.9", "0.09582887", "0", "1"], ["83560.9", "0.23939627", "0", "1"], ["83561.3", "0.09823637", "0", "1"], ["83561.6", "0.18403283", "0", "2"], ["83563.3", "0.22846103", "0", "1"], ["83566.6", "0.00060612", "0", "1"], ["83567.9", "0.34761545", "0", "2"], ["83568.3", "0.15878413", "0", "1"], ["83568.5", "0.0071856", "0", "1"], ["83568.6", "0.15335736", "0", "2"], ["83568.7", "0.16599766", "0", "1"], ["83570.1", "0.36855195", "0", "2"], ["83571.7", "0.3110314", "0", "3"], ["83574.1", "0", "0", "0"], ["83574.9", "0.24227745", "0", "1"], ["83575.6", "0.25190357", "0", "1"], ["83576.4", "0.27295988", "0", "2"], ["83576.7", "0.24956024", "0", "1"], ["83578.8", "0.25761497", "0", "1"], ["83584.5", "0.08936016", "0", "1"], ["83589.6", "0.13987175", "0", "3"], ["83590.4", "0.03999999", "0", "1"], ["83591.2", "0.01872442", "0", "1"], ["83592", "2.78645917", "0", "1"], ["83598", "0", "0", "0"], ["83626.4", "0.25146621", "0", "3"], ["83627.1", "0.0604498", "0", "2"], ["83655.2", "0", "0", "0"], ["83656.1", "0", "0", "0"], ["83656.2", "0", "0", "0"], ["83656.3", "0", "0", "0"], ["83656.4", "0", "0", "0"], ["83656.5", "0", "0", "0"], ["83656.6", "0", "0", "0"], ["83656.8", "0", "0", "0"], ["83657", "0", "0", "0"], ["83657.1", "0", "0", "0"], ["83657.2", "0", "0", "0"], ["83657.4", "0", "0", "0"], ["83657.8", "0", "0", "0"]], "bids": [["83552.2", "0", "0", "0"], ["83551.9", "0", "0", "0"], ["83551.8", "0", "0", "0"], ["83550.3", "0", "0", "0"], ["83550.2", "0", "0", "0"], ["83549.9", "0", "0", "0"], ["83548.6", "0", "0", "0"], ["83548", "0.1117", "0", "2"], ["83546.7", "0", "0", "0"], ["83546", "0.0567", "0", "1"], ["83545.9", "0", "0", "0"], ["83544.9", "0.05768842", "0", "2"], ["83544.8", "0", "0", "0"], ["83544.2", "0.0001", "0", "1"], ["83544.1", "0.00787995", "0", "2"], ["83543.4", "0", "0", "0"], ["83542.7", "0.11969679", "0", "1"], ["83542", "0.31379954", "0", "1"], ["83541.8", "0.01", "0", "2"], ["83538.5", "0.02490976", "0", "1"], ["83536.8", "0.00777995", "0", "1"], ["83534.3", "0.09772798", "0", "1"], ["83534", "0.0914705", "0", "1"], ["83533.3", "0.09206487", "0", "3"], ["83532.9", "0.09694537", "0", "1"], ["83532.8", "0.3165307", "0", "1"], ["83531.1", "0.06054675", "0", "2"], ["83530.8", "0", "0", "0"], ["83529.3", "0.23532782", "0", "1"], ["83527.3", "0.16392919", "0", "1"], ["83526.3", "0.15138984", "0", "1"], ["83525.3", "0.15308621", "0", "1"], ["83524.8", "0.30889328", "0", "1"], ["83524.6", "0.15815354", "0", "1"], ["83520.7", "0.26147001", "0", "2"], ["83520.3", "0.23576382", "0", "1"], ["83519.6", "0.26133262", "0", "1"], ["83518.5", "0", "0", "0"], ["83517.2", "0.24082916", "0", "1"], ["83516.9", "0.01219896", "0", "1"], ["83515.8", "0.25492762", "0", "1"], ["83512.1", "0.22973427", "0", "1"], ["83505.6", "0", "0", "0"], ["83504.2", "0.100015", "0", "2"], ["83502", "0.23939627", "0", "1"], ["83497.7", "0", "0", "0"], ["83497.6", "0.002513", "0", "1"], ["83497.5", "0", "0", "0"], ["83496.8", "0.08", "0", "2"], ["83496.4", "0", "0", "0"], ["83496", "0.15179806", "0", "5"], ["83495.2", "0.076", "0", "3"], ["83492.2", "0.00023954", "0", "1"], ["83491.9", "0.00198603", "0", "1"], ["83488.1", "0", "0", "0"], ["83488", "0.01016453", "0", "2"], ["83483", "0.00198273", "0", "1"], ["83482.8", "0.5643656", "0", "1"], ["83480.1", "0.25135", "0", "1"], ["83468.3", "0", "0", "0"], ["83464.9", "0", "0", "0"], ["83445", "0.1851011", "0", "1"], ["83389.3", "0", "0", "0"], ["83388.8", "0", "0", "0"], ["83388.7", "0", "0", "0"], ["83388.6", "0", "0", "0"], ["83388.4", "0", "0", "0"], ["83387.2", "0", "0", "0"], ["83386.5", "0", "0", "0"]], "ts": "1742377124602", "checksum": 1929158143, "seqId": 49713536967, "prevSeqId": 49713536409}], "record_time": 1742377125.46071}
{"arg": {"channel": "books", "instId": "BTC-USDT"}, "action": "update", "data": [{"asks": [["83548.1", "1.37329391", "0", "16"], ["83550", "0", "0", "0"], ["83550.4", "0.0001", "0", "1"], ["83550.9", "0.0001", "0", "1"], ["83552.3", "0.71520503", "0", "4"], ["83553.5", "0", "0", "0"], ["83553.7", "0.23415751", "0", "3"], ["83559.9", "0", "0", "0"], ["83560.3", "0.09571407", "0", "1"], ["83561.3", "0", "0", "0"], ["83561.6", "0", "0", "0"], ["83561.7", "0.10126427", "0", "1"], ["83561.9", "0.1794525", "0", "2"], ["83567.9", "0.3397915", "0", "2"], ["83568.3", "0", "0", "0"], ["83568.6", "0.14783169", "0", "2"], ["83568.7", "0", "0", "0"], ["83568.9", "0.15707996", "0", "1"], ["83569", "0.16667865", "0", "1"], ["83570.1", "0.2025", "0", "1"], ["83570.4", "0.18422118", "0", "3"], ["83571.7", "0.19192881", "0", "2"], ["83574.9", "0", "0", "0"], ["83575.2", "0.24672345", "0", "1"], ["83575.6", "0", "0", "0"], ["83575.9", "0.26717163", "0", "2"], ["83576.4", "0.24313471", "0", "2"], ["83576.7", "0", "0", "0"], ["83577.1", "0.23854003", "0", "1"], ["83578", "0", "0", "0"], ["83578.8", "0", "0", "0"], ["83579.2", "0.25302818", "0", "1"], ["83580.2", "0.51236653", "0", "1"], ["83581", "0", "0", "0"], ["83586.3", "0.35907", "0", "1"], ["83655.2", "0.00597", "0", "1"], ["83656.1", "0.00007092", "0", "1"]], "bids": [["83548", "0.15049227", "0", "3"], ["83546.4", "0.0001", "0", "1"], ["83545.6", "0.0001", "0", "1"], ["83544.2", "0", "0", "0"], ["83544.1", "0.00777995", "0", "1"], ["83534.6", "0.09212364", "0", "1"], ["83534.4", "0.15645448", "0", "2"], ["83534.3", "0", "0", "0"], ["83534", "0", "0", "0"], ["83533.7", "0.09352909", "0", "1"], ["83533.3", "0.00101501", "0", "2"], ["83533.2", "0.09403097", "0", "1"], ["83532.9", "0", "0", "0"], ["83529.3", "0.34909551", "0", "2"], ["83527.6", "0.1475096", "0", "1"], ["83527.3", "0", "0", "0"], ["83526.6", "0.16192901", "0", "1"], ["83526.3", "0", "0", "0"], ["83525.6", "0.18862922", "0", "3"], ["83525.3", "0", "0", "0"], ["83524.9", "0.15248826", "0", "1"], ["83524.6", "0", "0", "0"], ["83520.7", "0.34112905", "0", "2"], ["83520.6", "0.48102516", "0", "4"], ["83520.3", "0", "0", "0"], ["83519.9", "0.29613208", "0", "3"], ["83519.6", "0", "0", "0"], ["83517.6", "0.26754711", "0", "1"], ["83517.2", "0", "0", "0"], ["83516.2", "0.24054572", "0", "1"], ["83515.8", "0", "0", "0"], ["83513.5", "0.93994605", "0", "3"], ["83504.2", "0.000015", "0", "1"], ["83495.5", "0.00002637", "0", "1"], ["83491.3", "0.00612536", "0", "2"], ["83487.1", "0.00002637", "0", "1"], ["83466.7", "0.00274762", "0", "1"], ["83389.5", "0", "0", "0"]], "ts": "1742377124702", "checksum": -149191071, "seqId": 49713537092, "prevSeqId": 49713536967}], "record_time": 1742377125.56145}
{"arg": {"channel": "books", "instId": "BTC-USDT"}, "action": "update", "data": [{"asks": [["83548.1", "1.79393996", "0", "18"], ["83550.4", "0", "0", "0"], ["83550.8", "0.0001", "0", "1"], ["83551.7", "0.16086652", "0", "1"], ["83552.3", "0.29520503", "0", "3"], ["83553.6", "0", "0", "0"], ["83555.8", "0.012", "0", "1"], ["83555.9", "0.00777956", "0", "1"], ["83556.4", "0.15401275", "0", "2"], ["83558.9", "0.23940061", "0", "1"], ["83560.2", "0.09359427", "0", "1"], ["83560.3", "0", "0", "0"], ["83560.9", "0", "0", "0"], ["83561.7", "0.10088119", "0", "1"], ["83561.8", "0.08786276", "0", "1"], ["83561.9", "0", "0", "0"], ["83562", "0.09578265", "0", "3"], ["83567.9", "0.34011472", "0", "2"], ["83568.6", "0.16698094", "0", "2"], ["83568.8", "0.14965093", "0", "1"], ["83568.9", "0", "0", "0"], ["83569", "0.14777114", "0", "1"], ["83570.4", "0.19248588", "0", "3"], ["83571.7", "0.31485277", "0", "3"], ["83575.2", "0", "0", "0"], ["83575.3", "0.24505086", "0", "1"], ["83575.8", "0.26186805", "0", "1"], ["83575.9", "0.0005145", "0", "1"], ["83576.4", "0.25376498", "0", "2"], ["83577", "0.4532689", "0", "2"], ["83577.1", "0", "0", "0"], ["83579.2", "0.26382635", "0", "1"], ["83580.1", "0", "0", "0"], ["83584.5", "0.22673426", "0", "2"], ["83589.5", "0.01219896", "0", "1"], ["83592.4", "0.1", "0", "1"], ["83613.8", "0.00013267", "0", "1"], ["83619.3", "0", "0", "0"], ["83656.1", "0", "0", "0"]], "bids": [["83548", "0.1301", "0", "2"], ["83546.7", "0.0001", "0", "1"], ["83546.4", "0", "0", "0"], ["83546.3", "0.0001", "0", "1"], ["83546.1", "0.17459209", "0", "3"], ["83545.6", "0", "0", "0"], ["83544.9", "0", "0", "0"], ["83543", "0", "0", "0"], ["83542.2", "0.42", "0", "1"], ["83538.5", "0", "0", "0"], ["83534.6", "0", "0", "0"], ["83534.5", "0.30208418", "0", "3"], ["83534.4", "0.066", "0", "1"], ["83534.3", "0.10139969", "0", "1"], ["83533.7", "0.09487087", "0", "1"], ["83533.5", "0", "0", "0"], ["83533.3", "0.09852922", "0", "3"], ["83533.2", "0", "0", "0"], ["83529.3", "0.34372167", "0", "2"], ["83527.6", "0", "0", "0"], ["83527.5", "0.1468752", "0", "1"], ["83526.6", "0.15728298", "0", "1"], ["83525.6", "0.17599686", "0", "3"], ["83524.9", "0.16186963", "0", "1"], ["83520.7", "0.26664982", "0", "2"], ["83520.6", "0.23149302", "0", "3"], ["83520.5", "0.25460638", "0", "1"], ["83520", "0.26383887", "0", "4"], ["83519.9", "0.05195734", "0", "2"], ["83517.6", "0", "0", "0"], ["83517.5", "0.25838351", "0", "1"], ["83516.2", "0.26150155", "0", "1"], ["83502", "0", "0", "0"], ["83500.6", "0.23940061", "0", "1"], ["83500", "0.21039676", "0", "9"], ["83389.5", "0.03", "0", "1"], ["83389.3", "0.0000913", "0", "1"], ["83388.8", "0.35972754", "0", "1"]], "ts": "1742377124802", "checksum": 1873226001, "seqId": 49713537215, "prevSeqId": 49713537092}], "record_time": 1742377125.660468}
{"arg": {"channel": "books", "instId": "BTC-USDT"}, "action": "update", "data": [{"asks": [["83548.1", "0.96665133", "0", "16"], ["83550.8", "0", "0", "0"], ["83550.9", "0", "0", "0"], ["83551.1", "0.0001", "0", "1"], ["83551.7", "0.29164935", "0", "2"], ["83552.3", "0.05204266", "0", "2"], ["83553.3", "0.0001", "0", "1"], ["83556.2", "0.16575776", "0", "1"], ["83556.3", "0.23939873", "0", "1"], ["83556.4", "0", "0", "0"], ["83558.9", "0", "0", "0"], ["83560", "0.20875362", "0", "2"], ["83560.2", "0", "0", "0"], ["83560.6", "0.09554704", "0", "1"], ["83561.7", "0", "0", "0"], ["83561.8", "0.09022234", "0", "1"], ["83562", "0.004", "0", "2"], ["83562.1", "0.09822451", "0", "2"], ["83562.4", "0.08869139", "0", "2"], ["83564.2", "0.20954", "0", "2"], ["83567.9", "0.34829293", "0", "2"], ["83568.6", "0.00001205", "0", "1"], ["83568.8", "0.16096616", "0", "1"], ["83569", "0", "0", "0"], ["83569.3", "0.16450105", "0", "1"], ["83569.4", "0.15584597", "0", "1"], ["83570.4", "0.03693196", "0", "2"], ["83570.6", "0.16589238", "0", "1"], ["83571.7", "0.19192881", "0", "2"], ["83575.3", "0", "0", "0"], ["83575.4", "0.25103845", "0", "1"], ["83575.8", "0", "0", "0"], ["83576.2", "0.32145544", "0", "2"], ["83576.4", "0.24579748", "0", "1"], ["83577", "0.1900928", "0", "1"], ["83577.4", "0.2636239", "0", "1"], ["83579.2", "0", "0", "0"], ["83579.3", "0.24040073", "0", "1"], ["83655.1", "0", "0", "0"], ["83655.2", "0", "0", "0"]], "bids": [["83548", "0.169", "0", "3"], ["83546.6", "0.0001", "0", "1"], ["83546.3", "0", "0", "0"], ["83539.2", "0.33161424", "0", "3"], ["83537.6", "0.28161961", "0", "2"], ["83535.1", "0.09997835", "0", "1"], ["83535", "0.17954", "0", "1"], ["83534.7", "0.12979189", "0", "2"], ["83534.5", "0.208393", "0", "2"], ["83534.3", "0", "0", "0"], ["83533.8", "0.09466394", "0", "1"], ["83533.7", "0", "0", "0"], ["83533.4", "0.09776934", "0", "1"], ["83533.3", "0.00101501", "0", "2"], ["83529.3", "0.35584969", "0", "2"], ["83528.1", "0.15663541", "0", "1"], ["83527.5", "0", "0", "0"], ["83527.1", "0.01596", "0", "1"], ["83526.8", "0.16049962", "0", "1"], ["83526.6", "0", "0", "0"], ["83525.9", "0.1666978", "0", "1"], ["83525.6", "0.02078895", "0", "2"], ["83525.1", "0.15133972", "0", "1"], ["83525", "0", "0", "0"], ["83524.9", "0", "0", "0"], ["83521.2", "0.28755089", "0", "1"], ["83521.1", "0.2620867", "0", "2"], ["83520.7", "0", "0", "0"], ["83520.5", "0", "0", "0"], ["83520.1", "0.25489864", "0", "1"], ["83520", "0.00501", "0", "3"], ["83517.9", "0.25033241", "0", "1"], ["83517.5", "0", "0", "0"], ["83516.3", "0.24149312", "0", "1"], ["83516.2", "0", "0", "0"], ["83501.1", "0.23939873", "0", "1"], ["83500.6", "0", "0", "0"], ["83389.5", "0", "0", "0"], ["83389.3", "0", "0", "0"], ["83388.8", "0", "0", "0"]], "ts": "1742377124902", "checksum": 1108830699, "seqId": 49713537350, "prevSeqId": 49713537215}], "record_time": 1742377125.76142}
{"arg": {"channel": "books", "instId": "BTC-USDT"}, "action": "update", "data": [{"asks": [["83548.1", "1.05466923", "0", "17"], ["83552.3", "0.03604266", "0", "1"], ["83553.7", "0.21815751", "0", "2"]], "bids": [["83547", "0.0001", "0", "1"], ["83546.9", "0.0001", "0", "1"], ["83546.7", "0", "0", "0"], ["83546.6", "0", "0", "0"], ["83510", "0.06374837", "0", "1"], ["83452.8", "0", "0", "0"], ["83443.6", "0.0001189", "0", "1"], ["83390", "0", "0", "0"]], "ts": "1742377125002", "checksum": -1842307191, "seqId": 49713537369, "prevSeqId": 49713537350}], "record_time": 1742377125.868626}
{"arg": {"channel": "books", "instId": "BTC-USDT"}, "action": "update", "data": [{"asks": [["83551.1", "0", "0", "0"], ["83551.2", "0.0002", "0", "2"], ["83553.3", "0", "0", "0"], ["83581.5", "0", "0", "0"], ["83655.1", "0.00447503", "0", "2"], ["83655.2", "0.00597", "0", "1"]], "bids": [["83496.8", "0.18", "0", "4"], ["83496", "0.10179806", "0", "4"], ["83495.2", "0.026", "0", "2"]], "ts": "1742377125102", "checksum": -2093627673, "seqId": 49713537381, "prevSeqId": 49713537369}], "record_time": 1742377125.960337}
{"arg": {"channel": "books", "instId": "BTC-USDT"}, "action": "update", "data": [{"asks": [["83551.2", "0", "0", "0"], ["83552.7", "0.0002", "0", "2"], ["83553.5", "0.00354567", "0", "1"], ["83555.8", "0.18009554", "0", "2"], ["83555.9", "0.24718083", "0", "2"], ["83556.2", "0", "0", "0"], ["83556.3", "0", "0", "0"], ["83580.9", "0.24184424", "0", "3"], ["83601.8", "0.24184424", "0", "3"], ["83656.1", "0.00007092", "0", "1"]], "bids": [["83547", "0", "0", "0"], ["83546.6", "0.0001", "0", "1"], ["83531.1", "0.05987175", "0", "1"], ["83518.3", "0.08977", "0", "1"], ["83510", "0", "0", "0"], ["83501.1", "0", "0", "0"], ["83500.1", "0.33036718", "0", "1"], ["83499.5", "0.23940127", "0", "1"], ["83497.4", "0.08977", "0", "1"], ["83390.5", "0", "0", "0"]], "ts": "1742377125202", "checksum": -1989611017, "seqId": 49713537429, "prevSeqId": 49713537381}], "record_time": 1742377126.060256}
