{"arg": {"channel": "books", "instId": "BTC-USDT"}, "action": "snapshot", "data": [{"asks": [["83951", "0.43142438", "0", "10"], ["83951.3", "0.03605009", "0", "1"], ["83952", "0.0352", "0", "1"], ["83953.9", "0.04631099", "0", "1"], ["83954", "0.0352", "0", "1"], ["83954.1", "0.11916996", "0", "1"], ["83954.2", "0.01853", "0", "1"], ["83954.8", "0.01", "0", "2"], ["83956.5", "0.00001199", "0", "1"], ["83958.2", "0.32898356", "0", "1"], ["83958.3", "0.24", "0", "1"], ["83958.4", "0.05561", "0", "1"], ["83959", "0.00105706", "0", "1"], ["83959.1", "0.06808484", "0", "1"], ["83959.2", "0.04435593", "0", "5"], ["83959.5", "0.03605009", "0", "1"], ["83959.7", "0.2025", "0", "1"], ["83960", "0.07232971", "0", "5"], ["83960.2", "0.06913759", "0", "1"], ["83960.6", "0.00624313", "0", "1"], ["83960.9", "0.06429012", "0", "1"], ["83961.3", "0.35734", "0", "1"], ["83961.5", "0.00001199", "0", "1"], ["83961.8", "0.17866", "0", "1"], ["83962", "0.0352", "0", "1"], ["83962.6", "0.10981525", "0", "1"], ["83962.7", "0.17915015", "0", "1"], ["83962.9", "0.00350166", "0", "1"], ["83963.3", "0.05766905", "0", "1"], ["83963.5", "0.002", "0", "1"], ["83964", "0.10018483", "0", "2"], ["83964.2", "0.01070509", "0", "2"], ["83964.4", "0.00011161", "0", "1"], ["83964.5", "0.03860906", "0", "1"], ["83964.8", "0.010015", "0", "3"], ["83965.4", "0.02901719", "0", "1"], ["83965.5", "0.00006", "0", "1"], ["83966.1", "0.09705047", "0", "1"], ["83966.4", "0.32775324", "0", "2"], ["83966.6", "0.00460884", "0", "3"], ["83966.7", "0.133721", "0", "1"], ["83967.2", "0.00001506", "0", "1"], ["83967.4", "0.0001387", "0", "1"], ["83967.5", "0.00624313", "0", "1"], ["83967.7", "0.00003999", "0", "1"], ["83968", "0.00325845", "0", "1"], ["83968.2", "0.36963764", "0", "3"], ["83968.4", "0.3151598", "0", "3"], ["83969", "0.10301113", "0", "2"], ["83969.7", "0.0954663", "0", "1"], ["83969.8", "0.04", "0", "1"], ["83969.9", "0.00213979", "0", "1"], ["83970", "0.00165615", "0", "1"], ["83970.6", "0.0104983", "0", "1"], ["83970.9", "0.00002848", "0", "1"], ["83971.4", "0.00068775", "0", "1"], ["83971.7", "0.23836802", "0", "1"], ["83971.8", "0.17879437", "0", "1"], ["83971.9", "0.10500468", "0", "1"], ["83973.1", "0.17470175", "0", "1"], ["83973.2", "0.000015", "0", "1"], ["83973.5", "0.17915015", "0", "1"], ["83973.6", "0.01853", "0", "1"], ["83973.9", "0.17321762", "0", "2"], ["83974.1", "0.225", "0", "2"], ["83974.3", "0.00003392", "0", "1"], ["83974.6", "0.00003453", "0", "1"], ["83975", "0.00010892", "0", "3"], ["83975.4", "0.14082475", "0", "1"], ["83975.6", "0.15840224", "0", "1"], ["83975.7", "0.49715006", "0", "1"], ["83976.3", "0.00001201", "0", "1"], ["83976.4", "0.25012", "0", "1"], ["83977.3", "0.11928427", "0", "1"], ["83977.4", "0.05956312", "0", "1"], ["83977.5", "0.46870987", "0", "2"], ["83977.6", "0.198", "0", "2"], ["83977.7", "0.2925", "0", "2"], ["83978.1", "0.18776633", "0", "1"], ["83978.4", "0.17065303", "0", "1"], ["83978.5", "0.12507", "0", "1"], ["83978.7", "0.00880482", "0", "1"], ["83978.9", "0.11487481", "0", "3"], ["83979.2", "0.05672004", "0", "1"], ["83979.5", "0.0000434", "0", "1"], ["83979.7", "0.13646201", "0", "1"], ["83979.8", "0.11913344", "0", "1"], ["83980", "1.00600452", "0", "3"], ["83980.5", "0.00001201", "0", "1"], ["83981.5", "0.0000568", "0", "1"], ["83981.6", "0.000015", "0", "1"], ["83981.9", "0.00004916", "0", "1"], ["83982.2", "0.17915015", "0", "1"], ["83982.4", "0.00421639", "0", "1"], ["83982.6", "0.0054", "0", "1"], ["83983", "0.00001115", "0", "1"], ["83983.2", "0.14162475", "0", "3"], ["83983.3", "0.00060645", "0", "1"], ["83983.6", "0.1642677", "0", "1"], ["83984", "0.00041189", "0", "2"], ["83984.1", "0.00011161", "0", "1"], ["83984.4", "0.00423", "0", "1"], ["83985.7", "0.00001675", "0", "1"], ["83985.8", "0.0000326", "0", "1"], ["83985.9", "0.40288593", "0", "1"], ["83986", "0.49079", "0", "1"], ["83986.1", "0.20274832", "0", "2"], ["83986.2", "0.00001201", "0", "1"], ["83986.7", "0.11928427", "0", "1"], ["83986.8", "0.471974", "0", "1"], ["83987.2", "0.04764621", "0", "1"], ["83987.5", "0.4033119", "0", "2"], ["83987.8", "0.00007302", "0", "1"], ["83987.9", "0.00037549", "0", "1"], ["83988", "0.01096012", "0", "1"], ["83988.1", "0.35714307", "0", "1"], ["83988.3", "0.01789", "0", "1"], ["83988.7", "0.00596565", "0", "2"], ["83989.3", "0.12267076", "0", "4"], ["83989.4", "0.01936", "0", "1"], ["83989.6", "0.08", "0", "2"], ["83990", "0.000015", "0", "1"], ["83990.1", "0.866353", "0", "1"], ["83990.3", "0.00009227", "0", "1"], ["83990.4", "0.03999999", "0", "1"], ["83990.7", "0.00083659", "0", "1"], ["83990.8", "0.00421548", "0", "1"], ["83991.2", "0.000012", "0", "1"], ["83991.6", "0.00357", "0", "1"], ["83991.9", "0.24545", "0", "1"], ["83992.3", "0.02299247", "0", "1"], ["83992.4", "0.00201868", "0", "1"], ["83992.6", "0.00001005", "0", "1"], ["83992.8", "0.02596689", "0", "1"], ["83992.9", "0.24191094", "0", "1"], ["83993", "0.46158", "0", "1"], ["83993.5", "0.11911404", "0", "1"], ["83994.3", "0.00001328", "0", "1"], ["83994.4", "0.02310759", "0", "1"], ["83994.5", "0.2025", "0", "1"], ["83995.3", "0.00005488", "0", "1"], ["83995.5", "0.1", "0", "1"], ["83995.9", "0.00001678", "0", "1"], ["83996", "0.0054", "0", "1"], ["83996.2", "0.000012", "0", "1"], ["83996.4", "0.57307559", "0", "1"], ["83996.8", "0.02382188", "0", "1"], ["83997.4", "0.25012", "0", "1"], ["83997.8", "0.35714307", "0", "1"], ["83998.4", "0.11938086", "0", "2"], ["83999", "0.17915015", "0", "1"], ["83999.4", "0.00100225", "0", "1"], ["83999.5", "0.12507", "0", "1"], ["83999.8", "0.1126598", "0", "2"], ["83999.9", "0.07467821", "0", "16"], ["84000", "0.31091798", "0", "70"], ["84001", "0.0025", "0", "1"], ["84001.1", "0.000012", "0", "1"], ["84001.2", "0.00011542", "0", "2"], ["84001.4", "0.00206034", "0", "1"], ["84001.5", "0.07151659", "0", "1"], ["84002", "0.0025", "0", "1"], ["84002.9", "0.2025", "0", "1"], ["84003", "0.005", "0", "2"], ["84003.3", "0.00024979", "0", "1"], ["84003.7", "0.00011161", "0", "1"], ["84004", "0.00001", "0", "1"], ["84004.3", "0.0110717", "0", "5"], ["84004.9", "0.00002943", "0", "2"], ["84005.2", "0.04942", "0", "1"], ["84005.3", "0.17457964", "0", "1"], ["84005.5", "0.00100337", "0", "1"], ["84006.1", "0.00009824", "0", "2"], ["84006.2", "0.0126137", "0", "1"], ["84006.3", "0.0054", "0", "1"], ["84006.8", "0.00003", "0", "2"], ["84007", "0.00421428", "0", "1"], ["84007.4", "0.17915015", "0", "1"], ["84007.9", "0.35714307", "0", "1"], ["84008.3", "0.00001363", "0", "1"], ["84009", "0.11044157", "0", "2"], ["84010", "0.00332714", "0", "1"], ["84010.7", "0.0000142", "0", "1"], ["84011", "0.000012", "0", "1"], ["84011.3", "0.2025", "0", "1"], ["84011.7", "0.00001362", "0", "1"], ["84012", "0.00421374", "0", "1"], ["84012.1", "0.00001016", "0", "1"], ["84012.2", "0.08991011", "0", "1"], ["84013.2", "0.0000185", "0", "1"], ["84013.3", "0.00001653", "0", "1"], ["84013.6", "0.03", "0", "1"], ["84014.2", "0.001787", "0", "1"], ["84014.6", "0.00001012", "0", "1"], ["84014.7", "0.00001097", "0", "1"], ["84014.9", "0.11936586", "0", "1"], ["84015", "0.20102526", "0", "1"], ["84015.2", "0.00013383", "0", "2"], ["84015.8", "0.17915015", "0", "1"], ["84016", "0.000012", "0", "1"], ["84016.4", "0.35714307", "0", "1"], ["84016.6", "0.00080013", "0", "6"], ["84016.9", "0.03", "0", "1"], ["84017", "0.03357", "0", "2"], ["84017.3", "0.55206386", "0", "2"], ["84017.4", "0.00001429", "0", "1"], ["84017.6", "0.000012", "0", "1"], ["84017.7", "0.03", "0", "1"], ["84017.8", "0.01193273", "0", "2"], ["84018", "0.00032751", "0", "1"], ["84019.7", "0.2025", "0", "1"], ["84019.9", "1.30327987", "0", "2"], ["84020.3", "0.02381521", "0", "1"], ["84021.2", "0.07141058", "0", "1"], ["84021.7", "0.00001852", "0", "1"], ["84022.6", "0.00002206", "0", "1"], ["84023", "0.03", "0", "1"], ["84023.2", "0.16429341", "0", "1"], ["84023.3", "0.11944556", "0", "2"], ["84023.6", "0.000015", "0", "1"], ["84023.8", "0.00001575", "0", "1"], ["84024", "0.092973", "0", "1"], ["84024.4", "0.0002197", "0", "1"], ["84024.9", "0.35714307", "0", "1"], ["84025", "0.00001717", "0", "1"], ["84025.4", "0.32546661", "0", "1"], ["84025.5", "0.55826", "0", "1"], ["84025.9", "0.000012", "0", "1"], ["84026.6", "0.0001749", "0", "1"], ["84027.3", "0.00001525", "0", "1"], ["84027.6", "0.32367639", "0", "1"], ["84027.7", "0.00007589", "0", "1"], ["84028.1", "0.2025", "0", "1"], ["84028.4", "0.00012012", "0", "1"], ["84028.5", "0.00002158", "0", "1"], ["84028.7", "0.00001047", "0", "1"], ["84029.1", "0.0000221", "0", "1"], ["84030.8", "0.00028731", "0", "3"], ["84030.9", "0.11383854", "0", "1"], ["84031.4", "0.00018117", "0", "2"], ["84031.5", "0.00103744", "0", "1"], ["84031.6", "0.00002209", "0", "1"], ["84031.7", "0.1907356", "0", "2"], ["84031.9", "0.00421167", "0", "1"], ["84032", "0.000015", "0", "1"], ["84032.6", "0.17915015", "0", "1"], ["84032.7", "0.0000201", "0", "1"], ["84033.3", "0.00101534", "0", "2"], ["84034.2", "0.00001992", "0", "1"], ["84034.8", "1.12788503", "0", "2"], ["84034.9", "0.35714307", "0", "1"], ["84035.1", "3.26973", "0", "1"], ["84035.8", "0.000012", "0", "1"], ["84035.9", "0.00020103", "0", "2"], ["84036.4", "0.002198", "0", "1"], ["84036.5", "0.2025", "0", "1"], ["84037.5", "0.00001448", "0", "1"], ["84038.1", "0.00118993", "0", "1"], ["84039.3", "1.02525996", "0", "2"], ["84039.4", "3.07486", "0", "1"], ["84040", "0.02711203", "0", "10"], ["84040.1", "0.12632571", "0", "4"], ["84040.4", "0.00008323", "0", "2"], ["84040.8", "0.000012", "0", "1"], ["84040.9", "0.00018495", "0", "1"], ["84041.3", "0.00007162", "0", "1"], ["84042", "0.01799852", "0", "1"], ["84042.3", "0.000012", "0", "1"], ["84043", "0.00011161", "0", "1"], ["84044", "0.00054", "0", "2"], ["84044.1", "0.00002584", "0", "1"], ["84044.6", "0.01427813", "0", "1"], ["84044.7", "0.16061037", "0", "1"], ["84044.8", "0.17915015", "0", "1"], ["84044.9", "0.2025", "0", "1"], ["84045", "0.00072", "0", "2"], ["84045.4", "0.14693176", "0", "3"], ["84045.6", "0.00009267", "0", "2"], ["84046.2", "0.16073708", "0", "1"], ["84046.3", "0.35714307", "0", "1"], ["84046.6", "0.00009539", "0", "1"], ["84047.9", "0.00420962", "0", "1"], ["84048.5", "0.11933395", "0", "1"], ["84048.7", "0.00023832", "0", "1"], ["84048.8", "0.00003001", "0", "2"], ["84048.9", "0.00001265", "0", "1"], ["84049.2", "0.01799841", "0", "1"], ["84049.5", "0.05951735", "0", "1"], ["84049.9", "0.00060645", "0", "1"], ["84050", "0.00051201", "0", "4"], ["84050.7", "0.000012", "0", "1"], ["84051.7", "0.00011258", "0", "1"], ["84052.1", "0.0000821", "0", "1"], ["84052.2", "0.00298666", "0", "1"], ["84052.3", "0.00580007", "0", "1"], ["84052.4", "0.00078751", "0", "2"], ["84052.6", "0.00001738", "0", "1"], ["84053.2", "0.08480816", "0", "1"], ["84053.3", "0.2025", "0", "1"], ["84053.4", "0.00017846", "0", "1"], ["84053.8", "0.07102314", "0", "1"], ["84053.9", "0.00002029", "0", "1"], ["84054.6", "0.000012", "0", "1"], ["84054.7", "0.21082988", "0", "2"], ["84054.8", "0.35717281", "0", "2"], ["84055.1", "0.00604234", "0", "2"], ["84055.2", "0.239408", "0", "2"], ["84055.3", "0.00221955", "0", "1"], ["84055.5", "0.00040432", "0", "2"], ["84055.6", "0.03", "0", "1"], ["84055.8", "0.00004178", "0", "3"], ["84056.1", "0.07125036", "0", "1"], ["84056.5", "0.00006532", "0", "1"], ["84056.7", "0.03420925", "0", "2"], ["84056.8", "0.03", "0", "1"], ["84057.1", "0.00007544", "0", "2"], ["84057.2", "0.00168601", "0", "1"], ["84057.3", "0.03", "0", "1"], ["84057.4", "0.00009384", "0", "1"], ["84057.9", "0.00002241", "0", "1"], ["84058.8", "0.00003903", "0", "2"], ["84059", "0.00580007", "0", "1"], ["84059.1", "0.75126847", "0", "2"], ["84059.6", "0.00755665", "0", "7"], ["84060.4", "0.00004738", "0", "1"], ["84060.6", "0.000012", "0", "1"], ["84060.7", "0.00597332", "0", "1"], ["84060.9", "0.00599972", "0", "1"], ["84061", "0.11933395", "0", "1"], ["84061.6", "0.17915015", "0", "1"], ["84061.7", "0.2025", "0", "1"], ["84062.1", "0.00002296", "0", "1"], ["84062.4", "0.00010514", "0", "1"], ["84062.5", "0.00608322", "0", "5"], ["84062.6", "0.00011161", "0", "1"], ["84063", "0.08991011", "0", "1"], ["84063.8", "0.183562", "0", "1"], ["84063.9", "0.00001058", "0", "1"], ["84064.4", "0.00580007", "0", "1"], ["84064.5", "0.35714307", "0", "1"], ["84065.3", "0.00001251", "0", "1"], ["84065.4", "0.03", "0", "1"], ["84065.5", "0.00420826", "0", "1"], ["84065.6", "0.000012", "0", "1"], ["84065.9", "0.00012791", "0", "1"], ["84066.1", "0.00004229", "0", "4"], ["84066.6", "0.00548904", "0", "7"], ["84067", "0.000012", "0", "1"], ["84068.2", "0.00013676", "0", "1"], ["84069.4", "0.00599983", "0", "1"], ["84069.5", "0.21444", "0", "1"], ["84069.6", "2.03182", "0", "1"], ["84069.7", "0.00011444", "0", "1"], ["84070.1", "0.2025", "0", "1"], ["84071.2", "0.1428", "0", "1"], ["84071.3", "0.1", "0", "1"], ["84071.4", "0.00001362", "0", "1"], ["84072", "0.00002095", "0", "2"], ["84072.2", "0.00898015", "0", "2"], ["84072.6", "0.00007814", "0", "1"], ["84073", "0.0025", "0", "1"], ["84073.3", "0.00001021", "0", "1"], ["84073.4", "0.00001172", "0", "1"], ["84074", "0.0025", "0", "1"], ["84074.2", "0.00420752", "0", "1"], ["84074.5", "0.00001392", "0", "1"], ["84074.8", "0.35714307", "0", "1"], ["84075", "0.00004433", "0", "1"], ["84075.5", "0.03008141", "0", "6"], ["84076.9", "0.00011671", "0", "2"], ["84077", "0.00008", "0", "1"], ["84077.5", "0.00001645", "0", "1"], ["84077.7", "0.11928427", "0", "1"], ["84078", "0.00011447", "0", "1"], ["84078.4", "0.17915015", "0", "1"], ["84078.5", "0.2025", "0", "1"], ["84078.7", "0.00001295", "0", "1"], ["84078.8", "0.002384", "0", "1"], ["84079", "0.00006682", "0", "2"], ["84079.3", "0.00001199", "0", "1"], ["84079.4", "0.00018194", "0", "1"], ["84079.9", "0.00001026", "0", "1"], ["84080", "0.00256205", "0", "3"], ["84080.5", "0.00009714", "0", "1"], ["84080.8", "0.00165935", "0", "1"], ["84081.4", "0.00424069", "0", "2"], ["84081.6", "0.0023053", "0", "2"], ["84081.7", "0.19754", "0", "1"], ["84082.1", "0.01511839", "0", "1"], ["84082.3", "0.00011161", "0", "1"], ["84082.6", "0.00001984", "0", "1"], ["84083.3", "0.00422986", "0", "3"], ["84083.8", "0.35714307", "0", "1"], ["84084.4", "0.01194665", "0", "1"], ["84085", "0.01652", "0", "1"], ["84085.4", "0.10723199", "0", "2"], ["84085.7", "0.00101465", "0", "3"], ["84086.3", "0.00595565", "0", "1"], ["84086.9", "0.21316709", "0", "3"], ["84087", "0.00001", "0", "1"]], "bids": [["83950.9", "0.0059797", "0", "2"], ["83950", "0.0352", "0", "1"], ["83948.1", "0.03982514", "0", "1"], ["83948", "0.0352", "0", "1"], ["83947.6", "0.03860906", "0", "1"], ["83946", "0.0352", "0", "1"], ["83945.9", "0.016", "0", "1"], ["83945.7", "0.00774142", "0", "1"], ["83945.4", "0.07018167", "0", "1"], ["83945", "0.00774376", "0", "1"], ["83944.3", "0.00001501", "0", "1"], ["83944.2", "0.00765", "0", "1"], ["83944", "0.0352", "0", "1"], ["83943.9", "0.07451677", "0", "2"], ["83943", "0.01610482", "0", "2"], ["83942", "0.06296506", "0", "2"], ["83941.9", "0.016", "0", "1"], ["83941.8", "0.0092311", "0", "3"], ["83941.2", "0.24795487", "0", "2"], ["83941.1", "0.06", "0", "2"], ["83940.2", "0.01191973", "0", "1"], ["83940", "0.03521", "0", "2"], ["83939.9", "0.02365", "0", "2"], ["83939", "0.016", "0", "1"], ["83938.9", "0.04", "0", "1"], ["83938.2", "0.03", "0", "1"], ["83938", "0.0652", "0", "2"], ["83937.9", "0.25515015", "0", "4"], ["83937.8", "0.35770987", "0", "1"], ["83937", "0.1126598", "0", "2"], ["83936.9", "0.17866586", "0", "1"], ["83936.8", "0.00001199", "0", "1"], ["83936.4", "0.016", "0", "1"], ["83935.9", "0.01601501", "0", "2"], ["83935.2", "0.11919659", "0", "1"], ["83934.4", "0.11928427", "0", "1"], ["83933.4", "0.15132305", "0", "2"], ["83933.3", "0.00060645", "0", "1"], ["83933.2", "0.16413", "0", "2"], ["83933", "0.00421981", "0", "1"], ["83932.7", "0.38205364", "0", "2"], ["83932.6", "0.133573", "0", "1"], ["83932.5", "0.016", "0", "1"], ["83931.9", "0.01601199", "0", "2"], ["83931.8", "0.0678387", "0", "1"], ["83931.7", "0.005", "0", "1"], ["83931.5", "0.0619856", "0", "1"], ["83931.4", "0.02296", "0", "1"], ["83931", "0.35735", "0", "1"], ["83930.9", "0.11920281", "0", "1"], ["83929.7", "0.016", "0", "1"], ["83929.5", "0.0047659", "0", "1"], ["83929.4", "0.39770987", "0", "2"], ["83927.5", "0.000015", "0", "1"], ["83927.3", "0.0698302", "0", "1"], ["83926.9", "0.00001199", "0", "1"], ["83926.6", "0.19534883", "0", "1"], ["83926.5", "0.1126598", "0", "2"], ["83925.2", "0.00011161", "0", "1"], ["83924.9", "0.00422066", "0", "1"], ["83924.8", "0.27623554", "0", "2"], ["83924.6", "0.11928427", "0", "1"], ["83924.5", "0.08991011", "0", "1"], ["83924.3", "0.27508114", "0", "2"], ["83924.2", "0.10303099", "0", "2"], ["83922.8", "0.09682674", "0", "1"], ["83922", "0.00001199", "0", "1"], ["83921", "0.35770987", "0", "1"], ["83920.5", "0.18776633", "0", "1"], ["83920.3", "0.00876341", "0", "1"], ["83920", "0.00001", "0", "1"], ["83919.5", "0.23836616", "0", "1"], ["83919.4", "0.09527742", "0", "1"], ["83919.1", "0.00001501", "0", "1"], ["83918.7", "0.63048082", "0", "2"], ["83917.6", "0.00079967", "0", "2"], ["83917.3", "0.06496312", "0", "2"], ["83917.2", "0.00422142", "0", "1"], ["83917", "0.00001199", "0", "1"], ["83916.8", "1.2404489", "0", "3"], ["83916.6", "0.00060645", "0", "1"], ["83916.2", "0.14082475", "0", "1"], ["83916.1", "0.29843442", "0", "2"], ["83916", "0.32025437", "0", "4"], ["83915", "0.02384505", "0", "1"], ["83914.1", "0.002", "0", "1"], ["83913.4", "0.25012", "0", "1"], ["83912.8", "0.06052124", "0", "1"], ["83912.1", "0.35770987", "0", "1"], ["83912", "0.000012", "0", "1"], ["83910.7", "0.000015", "0", "1"], ["83909.7", "0.13154765", "0", "1"], ["83909.6", "0.026", "0", "2"], ["83908.8", "0.093", "0", "3"], ["83908.7", "0.01", "0", "1"], ["83908.6", "0.24561", "0", "1"], ["83908", "0.04422217", "0", "2"], ["83907.4", "0.001787", "0", "1"], ["83907.1", "0.20628119", "0", "2"], ["83906.6", "0.00422327", "0", "1"], ["83905.6", "0.1", "0", "2"], ["83905.5", "0.14277141", "0", "4"], ["83905.3", "0.09991011", "0", "2"], ["83904.8", "0.05", "0", "1"], ["83904.3", "0.11928427", "0", "1"], ["83904.2", "0.17915015", "0", "1"], ["83904", "0.098506", "0", "2"], ["83902.8", "0.26862344", "0", "1"], ["83902.7", "0.35770987", "0", "1"], ["83902.3", "0.00001501", "0", "1"], ["83902.1", "0.000012", "0", "1"], ["83901.9", "0.03594991", "0", "1"], ["83901.2", "0.03594991", "0", "1"], ["83900", "0.4549875", "0", "4"], ["83899.9", "0.03696525", "0", "3"], ["83899.1", "0.1", "0", "1"], ["83897.2", "0.000012", "0", "1"], ["83897.1", "0.471974", "0", "1"], ["83896.6", "0.03594991", "0", "1"], ["83895.8", "0.03594991", "0", "1"], ["83895.4", "0.11928427", "0", "1"], ["83895.3", "0.17915015", "0", "1"], ["83895", "0.0563299", "0", "1"], ["83894.2", "0.18893039", "0", "2"], ["83894.1", "0.35770987", "0", "1"], ["83893.9", "0.000015", "0", "1"], ["83893.7", "0.00422386", "0", "1"], ["83892.4", "0.25014", "0", "1"], ["83892.2", "0.000012", "0", "1"], ["83891.5", "0.03594991", "0", "1"], ["83890.8", "0.03594991", "0", "1"], ["83890.2", "0.03", "0", "1"], ["83890", "0.00003576", "0", "1"], ["83887.9", "0.02390869", "0", "2"], ["83887.8", "0.0522", "0", "1"], ["83887.3", "0.000012", "0", "1"], ["83887.1", "0.11653033", "0", "1"], ["83887", "0.06", "0", "2"], ["83886.9", "0.03", "0", "1"], ["83886.8", "0.11928427", "0", "1"], ["83886.7", "0.17915015", "0", "1"], ["83886.6", "0.17985852", "0", "1"], ["83885.9", "0.00011161", "0", "1"], ["83885.5", "0.000015", "0", "1"], ["83885.1", "0.0183541", "0", "1"], ["83885", "0.35770987", "0", "1"], ["83883.9", "0.00422533", "0", "1"], ["83883.8", "0.08991011", "0", "1"], ["83883.3", "0.00060645", "0", "1"], ["83882.4", "0.000012", "0", "1"], ["83880.9", "0.0052", "0", "1"], ["83880", "0.00001", "0", "1"], ["83878.5", "0.08953033", "0", "1"], ["83878.4", "0.11928427", "0", "1"], ["83878.2", "0.17915015", "0", "1"], ["83877.4", "0.000012", "0", "1"], ["83877.1", "0.00003", "0", "2"], ["83877", "0.56", "0", "1"], ["83876.9", "0.44612678", "0", "1"], ["83876.5", "0.35770987", "0", "1"], ["83876.2", "0.139706", "0", "1"], ["83875.8", "0.0042257", "0", "1"], ["83875.6", "0.0476423", "0", "1"], ["83875.1", "0.84646528", "0", "2"], ["83874.1", "0.08991011", "0", "1"], ["83874", "0.44373323", "0", "1"], ["83873.5", "0.51355", "0", "1"], ["83872.5", "0.000012", "0", "1"], ["83871.7", "0.867575", "0", "1"], ["83870.8", "0.00268459", "0", "1"], ["83870.7", "0.03", "0", "1"], ["83869.8", "0.18150803", "0", "2"], ["83869.7", "0.11928427", "0", "1"], ["83869.3", "0.07476739", "0", "1"], ["83869.2", "0.00595641", "0", "1"], ["83869.1", "0.12345581", "0", "1"], ["83868.7", "0.000015", "0", "1"], ["83867.8", "0.35770987", "0", "1"], ["83867.5", "0.000012", "0", "1"], ["83867", "0.07154182", "0", "1"], ["83866.6", "0.00504382", "0", "4"], ["83866.5", "0.00422705", "0", "1"], ["83866.4", "0.01155395", "0", "1"], ["83866.2", "0.00011161", "0", "1"], ["83865.5", "0.01737344", "0", "1"], ["83865.1", "0.01158", "0", "1"], ["83863.4", "0.01568", "0", "1"], ["83863.1", "0.00103791", "0", "1"], ["83862.6", "0.000012", "0", "1"], ["83862.2", "0.00577697", "0", "1"], ["83861.5", "0.02382458", "0", "1"], ["83860.5", "0.01787034", "0", "3"], ["83860.3", "0.20056515", "0", "3"], ["83859.6", "0.18266796", "0", "1"], ["83859.4", "0.11928427", "0", "1"], ["83859.3", "0.35770987", "0", "1"], ["83858.4", "0.0214", "0", "1"], ["83858.3", "0.0214", "0", "1"], ["83858.1", "0.0428", "0", "2"], ["83858", "0.01173375", "0", "2"], ["83857.9", "0.0243259", "0", "2"], ["83857.6", "0.000012", "0", "1"], ["83857.5", "0.00599985", "0", "1"], ["83857.4", "0.00422757", "0", "1"], ["83857", "0.00595678", "0", "1"], ["83856.9", "0.07463704", "0", "2"], ["83856.8", "0.08991011", "0", "1"], ["83856.5", "0.07155076", "0", "1"], ["83854.2", "0.03", "0", "1"], ["83853.2", "0.02382115", "0", "1"], ["83852.7", "0.000012", "0", "1"], ["83852.2", "0.0059998", "0", "1"], ["83852.1", "0.00595678", "0", "1"], ["83851.9", "0.000015", "0", "1"], ["83851.4", "0.0059998", "0", "1"], ["83851.2", "1.17246386", "0", "2"], ["83851.1", "0.17915015", "0", "1"], ["83851", "0.12227093", "0", "2"], ["83850.8", "0.71536856", "0", "1"], ["83850.1", "0.00011873", "0", "1"], ["83850", "0.00012001", "0", "1"], ["83849.9", "0.00060645", "0", "1"], ["83849.8", "0.00579973", "0", "1"], ["83849.7", "0.00579973", "0", "1"], ["83849.6", "0.00422837", "0", "1"], ["83849", "3.03415", "0", "1"], ["83848.1", "0.0059998", "0", "1"], ["83848", "0.0059998", "0", "1"], ["83847.9", "0.0339458", "0", "1"], ["83847.7", "0.000012", "0", "1"], ["83847.6", "0.03", "0", "1"], ["83847.3", "0.01191803", "0", "1"], ["83846.6", "0.00011161", "0", "1"], ["83846.2", "0.07125036", "0", "1"], ["83844.8", "0.00105462", "0", "1"], ["83844.7", "0.0059998", "0", "1"], ["83844.5", "0.00580006", "0", "1"], ["83844.4", "0.03", "0", "1"], ["83844.3", "0.03", "0", "1"], ["83843.5", "0.000015", "0", "1"], ["83843.2", "0.05966372", "0", "1"], ["83842.8", "0.000012", "0", "1"], ["83842.7", "0.69028062", "0", "2"], ["83842.6", "0.12525759", "0", "2"], ["83842.5", "0.17915015", "0", "1"], ["83842.4", "0.71536856", "0", "1"], ["83841.6", "1.301829", "0", "1"], ["83841.5", "0.00423063", "0", "1"], ["83841.3", "0.00579986", "0", "1"], ["83840.3", "0.09230421", "0", "1"], ["83840.2", "0.1", "0", "1"], ["83840.1", "0.08991011", "0", "1"], ["83837.8", "0.000012", "0", "1"], ["83837.4", "0.1", "0", "1"], ["83836.6", "0.00580006", "0", "1"], ["83836.4", "0.00599977", "0", "1"], ["83836.2", "0.00595876", "0", "1"], ["83835.2", "0.00580006", "0", "1"], ["83835.1", "0.02426049", "0", "5"], ["83834.3", "0.00579986", "0", "1"], ["83834.2", "0.3424892", "0", "3"], ["83834.1", "0.11928427", "0", "1"], ["83834", "0.25017329", "0", "2"], ["83833.9", "0.71536856", "0", "1"], ["83833.3", "0.00110982", "0", "4"], ["83833.2", "0.0142", "0", "1"], ["83833.1", "0.04261", "0", "4"], ["83832.9", "0.000012", "0", "1"], ["83832.3", "0.05700028", "0", "1"], ["83831", "0.09448114", "0", "2"], ["83829.7", "0.1", "0", "1"], ["83829.6", "0.03", "0", "1"], ["83828.6", "0.00599958", "0", "1"], ["83828.5", "0.00579962", "0", "1"], ["83828.4", "0.1839025", "0", "1"], ["83827.9", "0.000012", "0", "1"], ["83827.8", "0.01", "0", "1"], ["83827", "0.00591162", "0", "2"], ["83826.7", "0.00001501", "0", "1"], ["83826.1", "0.002383", "0", "1"], ["83825.9", "0.00595565", "0", "1"], ["83825.8", "0.01194665", "0", "1"], ["83825.6", "0.27740533", "0", "2"], ["83825.5", "0.18338025", "0", "2"], ["83825.4", "0.7153046", "0", "1"], ["83824.7", "0.00600007", "0", "1"], ["83823", "0.00001201", "0", "1"], ["83822.3", "0.00599958", "0", "1"], ["83822.2", "0.00579962", "0", "1"], ["83822", "0.12508428", "0", "2"], ["83821.4", "0.03206933", "0", "2"], ["83820.9", "0.01316", "0", "1"], ["83820.7", "0.183527", "0", "1"], ["83820.1", "0.214491", "0", "1"], ["83820", "0.02384873", "0", "1"], ["83819.9", "0.00009543", "0", "1"], ["83819.1", "0.01176001", "0", "2"], ["83818.5", "1.2692", "0", "1"], ["83818.3", "0.000015", "0", "1"], ["83818.1", "0.00603896", "0", "2"], ["83818", "0.00424287", "0", "2"], ["83817.4", "0.01493332", "0", "1"], ["83817.3", "0.00595988", "0", "1"], ["83817.1", "0.00023861", "0", "1"], ["83816.6", "0.1797566", "0", "2"], ["83816.5", "0.7153046", "0", "1"], ["83816.3", "0.08991011", "0", "1"], ["83815.8", "0.00003575", "0", "1"], ["83815", "0.000646", "0", "1"], ["83814", "0.18354105", "0", "1"], ["83813.9", "0.00580001", "0", "1"], ["83813.8", "0.03", "0", "1"], ["83813.1", "0.11929628", "0", "2"], ["83813", "0.60369825", "0", "1"], ["83812.9", "0.01441163", "0", "1"], ["83812.8", "0.00579991", "0", "1"], ["83812.7", "0.00580013", "0", "1"], ["83810.9", "0.00005038", "0", "1"], ["83810.7", "0.03", "0", "1"], ["83810.1", "0.0000573", "0", "1"], ["83809.9", "0.00001501", "0", "1"], ["83809.4", "0.00005977", "0", "1"], ["83809.2", "0.02366688", "0", "4"], ["83808.2", "0.00001201", "0", "1"], ["83808", "0.00001199", "0", "1"], ["83807.7", "0.17915015", "0", "1"], ["83807.6", "0.35819548", "0", "1"], ["83807.3", "0.00011161", "0", "1"], ["83807", "0.00177075", "0", "1"], ["83806.9", "0.00423169", "0", "1"], ["83806.6", "0.03", "0", "1"], ["83803.4", "0.03", "0", "1"], ["83803.3", "0.03", "0", "1"], ["83803", "0.00005599", "0", "1"], ["83802.7", "0.00005729", "0", "1"], ["83800.5", "0.00209124", "0", "1"], ["83800", "0.0095423", "0", "9"], ["83799.9", "0.00504382", "0", "4"], ["83799.7", "0.11933395", "0", "1"], ["83799.2", "0.35819548", "0", "1"], ["83798.8", "0.0042329", "0", "1"], ["83798.3", "0.00001199", "0", "1"], ["83796.3", "0.17915015", "0", "1"], ["83795.1", "0.11939598", "0", "1"], ["83794.2", "0.00423246", "0", "1"], ["83793.1", "0.208825", "0", "2"], ["83792.7", "0.08991011", "0", "1"], ["83790.9", "0.11933395", "0", "1"], ["83790.8", "0.35819548", "0", "1"], ["83790.6", "0.00011454", "0", "1"], ["83788.4", "0.00001199", "0", "1"], ["83787.7", "0.00011161", "0", "1"], ["83787.5", "0.03", "0", "1"], ["83786.7", "0.00596", "0", "1"], ["83786.6", "0.00001022", "0", "1"], ["83785.7", "0.01652", "0", "1"], ["83784.4", "0.00423352", "0", "1"], ["83783.3", "0.1797566", "0", "2"], ["83782.5", "0.01778312", "0", "1"], ["83782.4", "0.35819548", "0", "1"], ["83781.8", "0.11933395", "0", "1"], ["83780.6", "1.69295", "0", "1"], ["83780.3", "3.39431", "0", "1"], ["83779.9", "0.00007821", "0", "1"], ["83779.5", "0.00024606", "0", "2"], ["83778.9", "0.00103791", "0", "1"], ["83778.5", "0.00001201", "0", "1"], ["83777.7", "0.00039387", "0", "1"], ["83776.3", "0.00423411", "0", "1"], ["83775", "0.00009272", "0", "1"], ["83774.4", "0.00166113", "0", "1"], ["83773.9", "0.00008", "0", "1"], ["83772.7", "0.17915015", "0", "1"], ["83772.5", "0.35819548", "0", "1"], ["83772.2", "0.11933395", "0", "1"], ["83770.3", "0.000056", "0", "1"], ["83770", "0.0000721", "0", "1"], ["83769.6", "0.00423487", "0", "1"], ["83769.3", "0.08991011", "0", "1"], ["83769.2", "0.00001883", "0", "1"], ["83768.1", "0.00013404", "0", "2"], ["83766.6", "0.03101534", "0", "3"], ["83766.4", "0.00596", "0", "1"], ["83766.2", "0.07162785", "0", "1"], ["83764.7", "0.00001807", "0", "1"], ["83763.7", "0.000012", "0", "1"], ["83763", "0.17915015", "0", "1"], ["83762.9", "0.47752943", "0", "2"], ["83761.5", "0.00382379", "0", "1"], ["83757.6", "0.00041134", "0", "1"], ["83756.4", "0.03", "0", "1"], ["83755.8", "0.07163681", "0", "1"], ["83755.1", "0.00001009", "0", "1"], ["83753.8", "0.00001201", "0", "1"], ["83753.7", "0.03", "0", "1"], ["83753.5", "0.17915015", "0", "1"], ["83753.4", "0.35819548", "0", "1"], ["83751.8", "0.0179", "0", "1"], ["83751.1", "0.35801514", "0", "2"], ["83750.3", "0.00003545", "0", "1"]], "ts": "1742544102606", "checksum": 961423263, "seqId": 49919889430, "prevSeqId": -1}], "record_time": 1742544102.602063, "EXCHANGE": "OKX"}
{"arg": {"channel": "books", "instId": "BTC-USDT"}, "action": "update", "data": [{"asks": [["83951", "0.44995438", "0", "11"], ["83954.2", "0", "0", "0"], ["83958.5", "0.06554294", "0", "1"], ["83959", "0", "0", "0"], ["83959.1", "0", "0", "0"], ["83959.2", "0.04", "0", "1"], ["83959.5", "0.10627714", "0", "2"], ["83960.2", "0", "0", "0"], ["83960.9", "0", "0", "0"], ["83963.4", "0.06183633", "0", "1"], ["83964", "0.0352", "0", "1"], ["83965.5", "0.1041906", "0", "2"], ["83966.1", "0", "0", "0"], ["83968.3", "0.10325952", "0", "1"], ["83969", "0.00005514", "0", "1"], ["83969.7", "0", "0", "0"], ["83971.3", "0.09655554", "0", "1"], ["83971.7", "0", "0", "0"], ["83971.8", "0", "0", "0"], ["83971.9", "0", "0", "0"], ["83972.5", "0.16554458", "0", "1"], ["83973.1", "0", "0", "0"], ["83973.4", "0.23836262", "0", "1"], ["83974.9", "0.17160545", "0", "1"], ["83975.6", "0", "0", "0"], ["83978.4", "0", "0", "0"], ["83983", "0.17379429", "0", "2"], ["83983.6", "0", "0", "0"], ["84087.4", "0.00004163", "0", "1"], ["84087.7", "0.00001023", "0", "1"], ["84088", "0.00425538", "0", "2"], ["84088.2", "0.00011938", "0", "1"], ["84088.5", "0.00003542", "0", "1"], ["84088.8", "0.002", "0", "1"], ["84089.1", "0.00002215", "0", "1"]], "bids": [["83950.9", "0.0217297", "0", "3"], ["83939.9", "0.016", "0", "1"], ["83935.7", "0.00765", "0", "1"], ["83932.3", "0.06255658", "0", "1"], ["83931.8", "0", "0", "0"], ["83931.5", "0", "0", "0"], ["83931.2", "0.06497396", "0", "1"], ["83930.8", "0.06481972", "0", "1"], ["83927.3", "0", "0", "0"], ["83926.7", "0.06348161", "0", "1"], ["83926.5", "0.2776098", "0", "3"], ["83924.8", "0.17915015", "0", "1"], ["83924.3", "0.18128861", "0", "1"], ["83924.2", "0.0960964", "0", "2"], ["83922.8", "0", "0", "0"], ["83922.1", "0.09193944", "0", "1"], ["83921.1", "0.23836262", "0", "1"], ["83919.5", "0", "0", "0"], ["83919.4", "0", "0", "0"], ["83918.8", "0.10477103", "0", "1"], ["83908.8", "0.013", "0", "1"], ["83908", "0.08422217", "0", "3"], ["83907.2", "0.04", "0", "1"], ["83899", "1", "0", "1"], ["83897.2", "0.26960344", "0", "2"], ["83869.8", "0.17915015", "0", "1"], ["83857.9", "0.0059998", "0", "1"], ["83800.5", "0", "0", "0"], ["83751.8", "0", "0", "0"], ["83751.1", "0", "0", "0"], ["83750.3", "0", "0", "0"]], "ts": "1742544102706", "checksum": -1872442482, "seqId": 49919889532, "prevSeqId": 49919889430}], "record_time": 1742544102.750087, "EXCHANGE": "OKX"}
{"arg": {"channel": "books", "instId": "BTC-USDT"}, "action": "update", "data": [{"asks": [["83951", "0.43142438", "0", "10"], ["83953.7", "0.072", "0", "1"], ["83953.8", "0.24", "0", "1"], ["83958.5", "0", "0", "0"], ["83959.5", "0.1060134", "0", "2"], ["83960.6", "0.06977626", "0", "2"], ["83961.3", "0.4242549", "0", "2"], ["83963.4", "0", "0", "0"], ["83964.4", "0.0661727", "0", "2"], ["83965.5", "0.00006", "0", "1"], ["83966.5", "0.10408623", "0", "1"], ["83968.3", "0", "0", "0"], ["83969.4", "0.10477414", "0", "1"], ["83970.1", "0.10103952", "0", "1"], ["83971.3", "0", "0", "0"], ["83972.3", "0.1010034", "0", "1"], ["83972.5", "0", "0", "0"], ["83973.5", "0.33746298", "0", "2"], ["83974.9", "0", "0", "0"], ["83976", "0.15311253", "0", "1"], ["83977.8", "0.001566", "0", "1"], ["83978.8", "0.15593409", "0", "1"], ["83983", "0.00001115", "0", "1"], ["83984.1", "0.15720246", "0", "2"], ["83984.4", "0", "0", "0"], ["84088.8", "0", "0", "0"], ["84089.1", "0", "0", "0"]], "bids": [["83950.9", "0.14090405", "0", "4"], ["83948.1", "0", "0", "0"], ["83933.3", "0.06757553", "0", "2"], ["83932.3", "0", "0", "0"], ["83932.2", "0.06151829", "0", "1"], ["83931.9", "0.08409711", "0", "3"], ["83931.2", "0", "0", "0"], ["83930.8", "0", "0", "0"], ["83927.8", "0.06887198", "0", "1"], ["83926.7", "0", "0", "0"], ["83926.5", "0.1126598", "0", "2"], ["83925.2", "0.09470394", "0", "2"], ["83924.2", "0.002", "0", "1"], ["83923.2", "0.09451752", "0", "1"], ["83922.1", "0", "0", "0"], ["83919.9", "0.10529743", "0", "1"], ["83918.8", "0", "0", "0"], ["83874.6", "0.00235835", "0", "1"], ["83805", "0.00209143", "0", "1"], ["83751.8", "0.0179", "0", "1"]], "ts": "1742544102806", "checksum": -1554193428, "seqId": 49919889614, "prevSeqId": 49919889532}], "record_time": 1742544102.788562, "EXCHANGE": "OKX"}
{"arg": {"channel": "books", "instId": "BTC-USDT"}, "action": "update", "data": [{"asks": [["83951.2", "0.02137503", "0", "1"], ["83953.6", "0.01853", "0", "1"], ["83953.7", "0", "0", "0"], ["83953.8", "0", "0", "0"], ["83959.4", "0.06474548", "0", "1"], ["83959.5", "0.03605009", "0", "1"], ["83964.3", "0.07091666", "0", "1"], ["83964.4", "0.00011161", "0", "1"], ["83966.4", "0.42853725", "0", "3"], ["83966.5", "0", "0", "0"], ["83969.3", "0.10150825", "0", "1"], ["83969.4", "0", "0", "0"], ["83970", "0.10240697", "0", "2"], ["83970.1", "0", "0", "0"], ["83972.2", "0.09678612", "0", "1"], ["83972.3", "0", "0", "0"], ["83973.4", "0.41229458", "0", "2"], ["83973.5", "0.17915015", "0", "1"], ["83984", "0.17694271", "0", "3"], ["83984.1", "0.00011161", "0", "1"]], "bids": [["83939.3", "0.00765", "0", "1"], ["83935.7", "0", "0", "0"], ["83932.2", "0", "0", "0"], ["83932.1", "0.06316086", "0", "1"], ["83927.8", "0", "0", "0"], ["83927.6", "0.07063287", "0", "1"], ["83925.2", "0.00011161", "0", "1"], ["83925.1", "0.09911283", "0", "1"], ["83923.2", "0", "0", "0"], ["83923.1", "0.09529047", "0", "1"], ["83919.9", "0", "0", "0"], ["83919.7", "0.1022342", "0", "1"], ["83917.6", "0", "0", "0"], ["83916.8", "1.2408489", "0", "4"], ["83916", "0.32065409", "0", "5"], ["83909.7", "0", "0", "0"], ["83909.6", "0", "0", "0"], ["83908.8", "0.026", "0", "2"], ["83908", "0.09722217", "0", "4"], ["83905.6", "0", "0", "0"], ["83904.8", "0.1", "0", "2"], ["83904", "0.148506", "0", "3"], ["83899.2", "0.04464", "0", "1"], ["83861.1", "0.0183262", "0", "1"], ["83751.1", "0.35801514", "0", "2"]], "ts": "1742544102906", "checksum": 999980655, "seqId": 49919889680, "prevSeqId": 49919889614}], "record_time": 1742544102.886954, "EXCHANGE": "OKX"}
{"arg": {"channel": "books", "instId": "BTC-USDT"}, "action": "update", "data": [{"asks": [["83972.1", "0.23836644", "0", "1"], ["83973.4", "0.17393196", "0", "1"], ["84055", "0.1", "0", "1"], ["84088.2", "0", "0", "0"], ["84088.5", "0", "0", "0"]], "bids": [["83929.5", "0", "0", "0"], ["83926.5", "0.2776298", "0", "3"], ["83921.1", "0", "0", "0"], ["83918.8", "0.23836644", "0", "1"], ["83913", "0.00595855", "0", "1"]], "ts": "1742544103006", "checksum": 999980655, "seqId": 49919889688, "prevSeqId": 49919889680}], "record_time": 1742544102.985665, "EXCHANGE": "OKX"}
{"arg": {"channel": "books", "instId": "BTC-USDT"}, "action": "update", "data": [{"asks": [["83983.3", "0.00417645", "0", "2"]], "bids": [["83931", "0", "0", "0"], ["83927.5", "0.00478102", "0", "2"], ["83926.5", "0.1126598", "0", "2"], ["83750.3", "0.00003545", "0", "1"]], "ts": "1742544103106", "checksum": 999980655, "seqId": 49919889692, "prevSeqId": 49919889688}], "record_time": 1742544103.098203, "EXCHANGE": "OKX"}
{"arg": {"channel": "books", "instId": "BTC-USDT"}, "action": "update", "data": [{"asks": [["83969.3", "0", "0", "0"], ["83969.4", "0.09410501", "0", "1"], ["83970", "0.00165615", "0", "1"], ["83970.1", "0.0975767", "0", "1"], ["83972.1", "0", "0", "0"], ["83972.2", "0.09443687", "0", "1"], ["83973.3", "0.23836108", "0", "1"], ["83976", "1.15311253", "0", "2"], ["83984", "0.15511146", "0", "3"], ["84088", "0", "0", "0"]], "bids": [["83950.9", "0.14669405", "0", "5"], ["83936.9", "0.28219864", "0", "2"], ["83936.1", "0.35735", "0", "1"], ["83932.7", "0.2095493", "0", "1"], ["83931.6", "0.17868", "0", "1"], ["83927.7", "0.06335351", "0", "1"], ["83927.6", "0", "0", "0"], ["83923.2", "0.10012475", "0", "1"], ["83923.1", "0", "0", "0"], ["83921.1", "0.23836108", "0", "1"], ["83919.8", "0.097649", "0", "1"], ["83919.7", "0", "0", "0"], ["83918.8", "0", "0", "0"], ["83751.1", "0", "0", "0"], ["83750.3", "0", "0", "0"]], "ts": "1742544103206", "checksum": 554973660, "seqId": 49919889728, "prevSeqId": 49919889692}], "record_time": 1742544103.276928, "EXCHANGE": "OKX"}
{"arg": {"channel": "books", "instId": "BTC-USDT"}, "action": "update", "data": [{"asks": [["83951.1", "0.11917419", "0", "1"], ["83953.9", "0.0135636", "0", "1"], ["83954.1", "0", "0", "0"], ["83972.1", "0.2383639", "0", "1"], ["83973.3", "0", "0", "0"], ["83977.8", "0", "0", "0"], ["83980", "1.20600452", "0", "4"], ["84088", "0.00425538", "0", "2"]], "bids": [["83936.9", "0.17866586", "0", "1"], ["83936.1", "0", "0", "0"], ["83931.6", "0", "0", "0"], ["83921.1", "0.2383639", "0", "1"], ["83899", "1.2", "0", "2"], ["83751.1", "0.35801514", "0", "2"], ["83750.3", "0.00003545", "0", "1"]], "ts": "1742544103306", "checksum": -611187984, "seqId": 49919889752, "prevSeqId": 49919889728}], "record_time": 1742544103.288815, "EXCHANGE": "OKX"}
{"arg": {"channel": "books", "instId": "BTC-USDT"}, "action": "update", "data": [{"asks": [["83959.2", "0.07860906", "0", "2"], ["83959.3", "0.06442797", "0", "1"], ["83959.4", "0", "0", "0"], ["83960.5", "0.06948394", "0", "1"], ["83960.6", "0.00624313", "0", "1"], ["83961.2", "0.06979741", "0", "1"], ["83961.3", "0.35734", "0", "1"], ["83964.2", "0.07425761", "0", "3"], ["83964.3", "0", "0", "0"], ["83964.5", "0", "0", "0"], ["83966.3", "0.10239349", "0", "1"], ["83966.4", "0.32775324", "0", "2"], ["83969.3", "0.10409598", "0", "1"], ["83969.4", "0", "0", "0"], ["83970", "0.09614169", "0", "2"], ["83970.1", "0", "0", "0"], ["83972", "0.09357671", "0", "1"], ["83972.1", "0", "0", "0"], ["83972.2", "0", "0", "0"], ["83973.3", "0.16111898", "0", "1"], ["83973.4", "0.23836469", "0", "1"], ["83975.9", "0.1699364", "0", "1"], ["83976", "0", "0", "0"], ["83977.3", "0.14525116", "0", "2"], ["83978.7", "0.16558468", "0", "2"], ["83978.8", "0", "0", "0"], ["83980", "1.00600452", "0", "3"], ["83983.8", "0.16923801", "0", "1"], ["83984", "0.00041189", "0", "2"], ["83992.8", "0", "0", "0"], ["84088.2", "0.00011938", "0", "1"]], "bids": [["83950.9", "0.14667005", "0", "4"], ["83947.6", "0", "0", "0"], ["83941.1", "0.09860906", "0", "3"], ["83940.2", "0", "0", "0"], ["83938.9", "0", "0", "0"], ["83938.2", "0", "0", "0"], ["83936.9", "0.29461361", "0", "2"], ["83936.2", "0.04", "0", "1"], ["83933.6", "0.35735", "0", "1"], ["83933.3", "0.00060645", "0", "1"], ["83933.2", "0.2324823", "0", "3"], ["83932.6", "0", "0", "0"], ["83932.1", "0", "0", "0"], ["83932", "0.06741094", "0", "1"], ["83931.9", "0.01601199", "0", "2"], ["83931.8", "0.06468293", "0", "1"], ["83930.3", "0.01192114", "0", "1"], ["83927.7", "0", "0", "0"], ["83927.5", "0.06856987", "0", "2"], ["83925.3", "0.08354", "0", "1"], ["83925.1", "0", "0", "0"], ["83925", "0.10304445", "0", "1"], ["83923.2", "0", "0", "0"], ["83923.1", "0.09981206", "0", "1"], ["83921.1", "0.23836469", "0", "1"], ["83919.8", "0", "0", "0"], ["83919.7", "0.09665412", "0", "1"], ["83908", "0.01722217", "0", "2"], ["83907.2", "0.08", "0", "2"], ["83906.4", "0.04", "0", "1"], ["83899", "0", "0", "0"], ["83750", "0.00120697", "0", "5"]], "ts": "1742544103406", "checksum": -1018174389, "seqId": 49919889830, "prevSeqId": 49919889752}], "record_time": 1742544103.387036, "EXCHANGE": "OKX"}
{"arg": {"channel": "books", "instId": "BTC-USDT"}, "action": "update", "data": [{"asks": [["83951.1", "0", "0", "0"], ["83951.2", "0", "0", "0"], ["83951.3", "0", "0", "0"], ["83953.6", "0", "0", "0"], ["83954", "0.15437012", "0", "2"], ["83957.9", "0.01853", "0", "1"], ["83958.3", "0", "0", "0"], ["83958.4", "0", "0", "0"], ["83958.7", "0.01191701", "0", "1"], ["83959.3", "0", "0", "0"], ["83959.4", "0.2025", "0", "1"], ["83959.7", "0", "0", "0"], ["83960.5", "0.06147609", "0", "1"], ["83961.1", "0.06545797", "0", "1"], ["83961.2", "0", "0", "0"], ["83964.2", "0.06630509", "0", "3"], ["83965.1", "0.07082194", "0", "1"], ["83966.3", "0", "0", "0"], ["83967.5", "0.10761207", "0", "2"], ["83969.3", "0", "0", "0"], ["83969.8", "0.133479", "0", "2"], ["83970", "0.00165615", "0", "1"], ["83972", "0", "0", "0"], ["83973", "0.10353544", "0", "1"], ["83973.3", "0", "0", "0"], ["83973.4", "0", "0", "0"], ["83974.5", "0.15465731", "0", "1"], ["83975.3", "0.23835387", "0", "1"], ["83975.9", "0", "0", "0"], ["83976.5", "0.17466759", "0", "1"], ["83977.3", "0.11928427", "0", "1"], ["83978.4", "0.0000105", "0", "1"], ["83978.7", "0.00880482", "0", "1"], ["83983.8", "0", "0", "0"], ["83984.8", "0.16606063", "0", "1"], ["83988", "0.03692701", "0", "2"], ["83989.6", "0", "0", "0"], ["83990.4", "0.07999999", "0", "2"], ["83991.2", "0.04001199", "0", "2"], ["83992.3", "0", "0", "0"], ["84088.5", "0.00003542", "0", "1"], ["84088.8", "0.002", "0", "1"], ["84089.1", "0.00002215", "0", "1"], ["84089.7", "0.00001068", "0", "1"], ["84090.2", "0.00074396", "0", "1"], ["84090.4", "0.0000334", "0", "3"], ["84090.8", "0.00378203", "0", "2"]], "bids": [["83950.9", "0.57784388", "0", "10"], ["83943.6", "0.00765", "0", "1"], ["83939.3", "0", "0", "0"], ["83937.3", "0.02296", "0", "1"], ["83933.2", "0.22981663", "0", "3"], ["83932.7", "0.28858154", "0", "2"], ["83932.4", "0.06813699", "0", "1"], ["83932", "0", "0", "0"], ["83931.8", "0", "0", "0"], ["83931.4", "0", "0", "0"], ["83929.3", "0.133671", "0", "1"], ["83929", "0.17868", "0", "1"], ["83928.5", "0.06736795", "0", "1"], ["83927.5", "0.000015", "0", "1"], ["83926.2", "0.09389742", "0", "1"], ["83925", "0", "0", "0"], ["83923.6", "0.09390198", "0", "1"], ["83923.2", "0.23835387", "0", "1"], ["83923.1", "0", "0", "0"], ["83921.1", "0", "0", "0"], ["83920.6", "0.10484488", "0", "1"], ["83919.7", "0", "0", "0"], ["83750.3", "0", "0", "0"], ["83750", "0", "0", "0"]], "ts": "1742544103506", "checksum": 963697368, "seqId": 49919889924, "prevSeqId": 49919889830}], "record_time": 1742544103.48833, "EXCHANGE": "OKX"}
{"arg": {"channel": "books", "instId": "BTC-USDT"}, "action": "update", "data": [{"asks": [["83951", "0.33106438", "0", "9"], ["83953.9", "0.05317818", "0", "2"], ["83957.9", "0", "0", "0"], ["83959.2", "0.04", "0", "1"], ["83959.4", "0", "0", "0"], ["83961.8", "0.24824046", "0", "2"], ["83963.9", "0.03860906", "0", "1"], ["83970.6", "0.10386561", "0", "2"], ["83973.8", "0.23835645", "0", "1"], ["83975.3", "0", "0", "0"], ["83978.4", "0", "0", "0"], ["83979.3", "0.15359188", "0", "1"], ["83980", "0.00600452", "0", "2"], ["83988", "0.01096012", "0", "1"], ["83989.6", "0.08", "0", "2"], ["83990.4", "0.03999999", "0", "1"], ["83991.2", "0.000012", "0", "1"], ["83999.3", "0.02596689", "0", "1"], ["84090.8", "0", "0", "0"]], "bids": [["83950.9", "0.57361388", "0", "9"], ["83950.1", "0.03880243", "0", "1"], ["83946.2", "0.0104983", "0", "1"], ["83945.3", "0.03860906", "0", "1"], ["83941.1", "0.06", "0", "2"], ["83933.8", "0.06786725", "0", "1"], ["83933.7", "0.03", "0", "1"], ["83933.4", "0.14082475", "0", "1"], ["83926.6", "0.2001149", "0", "2"], ["83923.2", "0", "0", "0"], ["83921.1", "0.23835645", "0", "1"], ["83917.6", "0.0008", "0", "2"], ["83916.8", "1.2404489", "0", "3"], ["83916", "0.32025437", "0", "4"], ["83908", "0.09722217", "0", "4"], ["83907.2", "0.04", "0", "1"], ["83906.4", "0", "0", "0"], ["83905.6", "0.1", "0", "2"], ["83904.8", "0.05", "0", "1"], ["83904", "0.098506", "0", "2"], ["83901.2", "0.06030619", "0", "2"], ["83753.8", "0", "0", "0"], ["83753.7", "0", "0", "0"], ["83753.5", "0", "0", "0"], ["83753.4", "0", "0", "0"], ["83751.8", "0", "0", "0"], ["83751.1", "0", "0", "0"]], "ts": "1742544103606", "checksum": -1570167204, "seqId": 49919889985, "prevSeqId": 49919889924}], "record_time": 1742544103.610983, "EXCHANGE": "OKX"}
{"arg": {"channel": "books", "instId": "BTC-USDT"}, "action": "update", "data": [{"asks": [["83951", "0.08084441", "0", "5"], ["83958.1", "0.24", "0", "1"], ["83958.2", "0.22132558", "0", "1"], ["83960.5", "0", "0", "0"], ["83961.1", "0", "0", "0"], ["83961.6", "0.06783954", "0", "1"], ["83961.8", "0.17866", "0", "1"], ["83962", "0.10144845", "0", "2"], ["83962.7", "0.24431146", "0", "2"], ["83964.2", "0.01070509", "0", "2"], ["83964.4", "0.01864161", "0", "2"], ["83965.1", "0", "0", "0"], ["83966.1", "0.06501307", "0", "1"], ["83967.5", "0.00624313", "0", "1"], ["83968.6", "0.09650307", "0", "1"], ["83969.8", "0.04", "0", "1"], ["83970.6", "0.0104983", "0", "1"], ["83970.7", "0.15962701", "0", "2"], ["83971.4", "0.10052729", "0", "2"], ["83973", "0", "0", "0"], ["83973.8", "0", "0", "0"], ["83973.9", "0.27426202", "0", "3"], ["83974.5", "0", "0", "0"], ["83975.3", "0.23835368", "0", "1"], ["83975.6", "0.16559606", "0", "1"], ["83976.5", "0", "0", "0"], ["83977.4", "0.22142592", "0", "2"], ["83979.3", "0", "0", "0"], ["83980.2", "0.16876487", "0", "1"], ["83984.8", "0", "0", "0"], ["83985.7", "0.15562798", "0", "2"], ["84017.3", "0.55228356", "0", "3"], ["84024.4", "0", "0", "0"], ["84090.8", "0.00378203", "0", "2"], ["84090.9", "0.09075053", "0", "5"]], "bids": [["83950.9", "0.56782388", "0", "8"], ["83950.1", "0.04645243", "0", "2"], ["83946.1", "0.24", "0", "1"], ["83943.8", "0.02296", "0", "1"], ["83943.6", "0", "0", "0"], ["83937.3", "0", "0", "0"], ["83936.1", "0.35735", "0", "1"], ["83934.7", "0.06994115", "0", "1"], ["83934.3", "0.06655508", "0", "1"], ["83933.8", "0", "0", "0"], ["83933.6", "0", "0", "0"], ["83933.3", "0.06417511", "0", "2"], ["83933.2", "0.16413", "0", "2"], ["83932.7", "0.2095493", "0", "1"], ["83932.4", "0", "0", "0"], ["83929.4", "0.46495751", "0", "3"], ["83929", "0", "0", "0"], ["83928.5", "0", "0", "0"], ["83927.3", "0.09651228", "0", "1"], ["83926.2", "0", "0", "0"], ["83925.3", "0", "0", "0"], ["83924.5", "0.19476194", "0", "2"], ["83923.6", "0", "0", "0"], ["83921.7", "0.23835368", "0", "1"], ["83921.6", "0.0970572", "0", "1"], ["83921.1", "0", "0", "0"], ["83920.6", "0", "0", "0"], ["83908.7", "0.11284965", "0", "2"], ["83753.8", "0.00001201", "0", "1"], ["83753.7", "0.03", "0", "1"], ["83753.5", "0.17915015", "0", "1"], ["83753.4", "0.35819548", "0", "1"]], "ts": "1742544103706", "checksum": -402650482, "seqId": 49919890059, "prevSeqId": 49919889985}], "record_time": 1742544103.694633, "EXCHANGE": "OKX"}
{"arg": {"channel": "books", "instId": "BTC-USDT"}, "action": "update", "data": [{"asks": [["83958", "0.33355198", "0", "1"], ["83958.2", "0", "0", "0"], ["83985.1", "0.0008415", "0", "1"], ["84090.9", "0", "0", "0"]], "bids": [["83950.9", "0.57231338", "0", "9"], ["83950.1", "0.11675161", "0", "3"], ["83917.6", "0", "0", "0"], ["83916.8", "1.2408489", "0", "4"], ["83916", "0.32065409", "0", "5"], ["83915.6", "0.0458", "0", "1"], ["83905.6", "0", "0", "0"], ["83904.8", "0.1", "0", "2"], ["83904", "0.148506", "0", "3"], ["83751.8", "0.0179", "0", "1"]], "ts": "1742544103806", "checksum": -141308043, "seqId": 49919890074, "prevSeqId": 49919890059}], "record_time": 1742544103.812336, "EXCHANGE": "OKX"}
{"arg": {"channel": "books", "instId": "BTC-USDT"}, "action": "update", "data": [{"asks": [], "bids": [["83950.1", "0.04645243", "0", "2"], ["83946.1", "0", "0", "0"], ["83917.6", "0.0008", "0", "2"], ["83916.8", "1.2404489", "0", "3"], ["83916", "0.32025437", "0", "4"], ["83909.6", "0.026", "0", "2"], ["83908.8", "0.013", "0", "1"], ["83908", "0.08422217", "0", "3"], ["83905.6", "0.1", "0", "2"], ["83904.8", "0.05", "0", "1"], ["83904", "0.098506", "0", "2"], ["83753.4", "0", "0", "0"], ["83751.8", "0", "0", "0"]], "ts": "1742544103906", "checksum": -351475061, "seqId": 49919890090, "prevSeqId": 49919890074}], "record_time": 1742544103.89182, "EXCHANGE": "OKX"}
{"arg": {"channel": "books", "instId": "BTC-USDT"}, "action": "update", "data": [{"asks": [["83973.4", "0.23835709", "0", "1"], ["83975.3", "0", "0", "0"], ["84006", "0.01261493", "0", "1"], ["84006.2", "0", "0", "0"]], "bids": [["83886", "0.01835348", "0", "1"], ["83885.1", "0", "0", "0"]], "ts": "1742544104006", "checksum": -351475061, "seqId": 49919890099, "prevSeqId": 49919890090}], "record_time": 1742544103.986543, "EXCHANGE": "OKX"}
{"arg": {"channel": "books", "instId": "BTC-USDT"}, "action": "update", "data": [{"asks": [["83951", "0.03611983", "0", "2"], ["83952", "0", "0", "0"], ["83953.9", "0.05987463", "0", "1"], ["83956", "0.0352", "0", "1"], ["83958", "0.24120011", "0", "1"], ["83958.1", "0", "0", "0"], ["83959.5", "0", "0", "0"], ["83961.3", "0", "0", "0"], ["83961.6", "0", "0", "0"], ["83962", "0.0352", "0", "1"], ["83962.6", "0.16256237", "0", "2"], ["83962.7", "0.17915015", "0", "1"], ["83966.1", "0", "0", "0"], ["83968.6", "0", "0", "0"], ["83970.7", "0.0556", "0", "1"], ["83971.3", "0.20895255", "0", "1"], ["83971.4", "0.00068775", "0", "1"], ["83973.4", "0", "0", "0"], ["83973.9", "0.17321762", "0", "2"], ["83975.6", "0", "0", "0"], ["83977.4", "0.29791212", "0", "2"], ["83980.2", "0", "0", "0"], ["83985.1", "0", "0", "0"], ["83985.7", "0.00001675", "0", "1"], ["84005.1", "0.00008624", "0", "1"], ["84006.1", "0.000012", "0", "1"], ["84090.9", "0.09075053", "0", "5"], ["84091.2", "0.00001297", "0", "1"], ["84091.7", "0.00421745", "0", "2"], ["84091.9", "0.00020878", "0", "1"], ["84092.9", "0.35715411", "0", "2"], ["84093", "0.00011112", "0", "1"], ["84094.5", "0.29843442", "0", "2"], ["84095", "0.01493332", "0", "1"]], "bids": [["83950.9", "0.69274338", "0", "11"], ["83939", "0.10591011", "0", "2"], ["83934.7", "0", "0", "0"], ["83934.3", "0", "0", "0"], ["83933.3", "0.00060645", "0", "1"], ["83929.4", "0.39770987", "0", "2"], ["83927.3", "0", "0", "0"], ["83925.5", "0.238349", "0", "1"], ["83924.5", "0.08991011", "0", "1"], ["83921.7", "0", "0", "0"], ["83921.6", "0", "0", "0"], ["83850.1", "0", "0", "0"], ["83850", "0.00023871", "0", "2"], ["83807", "0", "0", "0"], ["83806.7", "0.00177036", "0", "1"], ["83753.4", "0.35819548", "0", "1"], ["83751.8", "0.0179", "0", "1"], ["83751.1", "0.35801514", "0", "2"], ["83750.3", "0.00003545", "0", "1"], ["83750", "0.00120697", "0", "5"]], "ts": "1742544104106", "checksum": 844930868, "seqId": 49919890245, "prevSeqId": 49919890099}], "record_time": 1742544104.131681, "EXCHANGE": "OKX"}
{"arg": {"channel": "books", "instId": "BTC-USDT"}, "action": "update", "data": [{"asks": [["83958", "0.10330855", "0", "1"], ["83960", "0.03627962", "0", "4"], ["83962.2", "0.06995121", "0", "1"], ["83962.4", "0.06714749", "0", "1"], ["83962.6", "0.2290227", "0", "2"], ["83963.1", "0.06832119", "0", "1"], ["83963.8", "0.35735", "0", "1"], ["83966.6", "0.06756849", "0", "4"], ["83969.2", "0.09752526", "0", "1"], ["83971.1", "0.09996771", "0", "1"], ["83971.8", "0.09349212", "0", "1"], ["83974.4", "0.09839367", "0", "1"], ["83976.1", "0.23835191", "0", "1"], ["83976.2", "0.156234", "0", "1"], ["83977.4", "0.05956312", "0", "1"], ["83977.8", "0.16213336", "0", "1"], ["83980.6", "0.17103942", "0", "1"], ["83986.2", "0.15993337", "0", "2"], ["84089.7", "0", "0", "0"], ["84090.2", "0", "0", "0"], ["84090.4", "0", "0", "0"], ["84090.8", "0", "0", "0"], ["84090.9", "0", "0", "0"], ["84091.2", "0", "0", "0"], ["84091.7", "0", "0", "0"], ["84091.9", "0", "0", "0"], ["84092.9", "0", "0", "0"], ["84093", "0", "0", "0"], ["84094.5", "0", "0", "0"], ["84095", "0", "0", "0"]], "bids": [["83950.9", "0.69722338", "0", "12"], ["83935.1", "0.06615919", "0", "1"], ["83934.9", "0.06422504", "0", "1"], ["83933.7", "0.09883196", "0", "2"], ["83931.6", "0.17868", "0", "1"], ["83929.9", "0.0617144", "0", "1"], ["83927.9", "0.09202775", "0", "1"], ["83925.5", "0", "0", "0"], ["83925", "0.23835191", "0", "1"], ["83924.9", "0.102286", "0", "2"], ["83922.1", "0.09837416", "0", "1"], ["83753.5", "0", "0", "0"], ["83753.4", "0", "0", "0"], ["83751.8", "0", "0", "0"], ["83751.1", "0", "0", "0"], ["83750.3", "0", "0", "0"], ["83750", "0", "0", "0"]], "ts": "1742544104206", "checksum": -1836811663, "seqId": 49919890330, "prevSeqId": 49919890245}], "record_time": 1742544104.189255, "EXCHANGE": "OKX"}
{"arg": {"channel": "books", "instId": "BTC-USDT"}, "action": "update", "data": [{"asks": [["83962.2", "0.06443843", "0", "1"], ["83962.4", "0.06534626", "0", "1"], ["83963.1", "0.06292153", "0", "1"], ["83966.6", "0.06928805", "0", "4"], ["83969.2", "0.09981796", "0", "1"], ["83971.1", "0.09904198", "0", "1"], ["83971.8", "0.09355592", "0", "1"], ["83974.4", "0.1050915", "0", "1"], ["83975.3", "0.23835416", "0", "1"], ["83976.1", "0", "0", "0"], ["83976.2", "0.17002683", "0", "1"], ["83977.8", "0.16314604", "0", "1"], ["83980.6", "0.16294463", "0", "1"], ["83985.4", "0.000096", "0", "1"], ["83986.2", "0.1733017", "0", "2"], ["84089.1", "0", "0", "0"]], "bids": [["83950.9", "0.70323218", "0", "12"], ["83950.1", "0.06857516", "0", "3"], ["83946.7", "0.08991011", "0", "1"], ["83946.2", "0", "0", "0"], ["83935.1", "0.06268275", "0", "1"], ["83934.9", "0.06377462", "0", "1"], ["83933.7", "0.09191503", "0", "2"], ["83929.9", "0.06787885", "0", "1"], ["83927.9", "0.09425428", "0", "1"], ["83926.6", "0.19534883", "0", "1"], ["83925", "0", "0", "0"], ["83924.9", "0.10254363", "0", "2"], ["83922.2", "0.23835318", "0", "1"], ["83922.1", "0.10478953", "0", "1"], ["83866.8", "0.01709978", "0", "1"], ["83865.5", "0", "0", "0"], ["83861.5", "0", "0", "0"], ["83753.5", "0.17915015", "0", "1"]], "ts": "1742544104306", "checksum": 1273885620, "seqId": 49919890408, "prevSeqId": 49919890330}], "record_time": 1742544104.328771, "EXCHANGE": "OKX"}
{"arg": {"channel": "books", "instId": "BTC-USDT"}, "action": "update", "data": [{"asks": [["83951", "0.03921983", "0", "3"], ["83962.3", "0.06876279", "0", "1"], ["83962.4", "0", "0", "0"], ["83975.3", "0", "0", "0"], ["83977.2", "0.23835059", "0", "1"], ["83977.7", "0.4461719", "0", "3"], ["83977.8", "0", "0", "0"], ["83983.2", "0.14082475", "0", "1"], ["83984", "0.00081189", "0", "3"], ["83984.8", "0.0004", "0", "1"], ["83989.6", "0", "0", "0"], ["83990.4", "0.07999999", "0", "2"], ["83990.7", "0", "0", "0"], ["83991", "0.2", "0", "1"], ["83991.2", "0.04001199", "0", "2"], ["84089.1", "0.00002215", "0", "1"]], "bids": [["83950.9", "0.70748468", "0", "13"], ["83938.6", "0.35735", "0", "1"], ["83936.1", "0", "0", "0"], ["83934.4", "0.36943427", "0", "2"], ["83933.7", "0.03", "0", "1"], ["83933.6", "0.06552625", "0", "1"], ["83931.6", "0", "0", "0"], ["83930.3", "0.09536114", "0", "2"], ["83925", "0.23835059", "0", "1"], ["83922.2", "0", "0", "0"], ["83909.6", "0", "0", "0"], ["83909", "1", "0", "1"], ["83908.8", "0.026", "0", "2"], ["83908", "0.09722217", "0", "4"], ["83905.6", "0", "0", "0"], ["83904.8", "0.1", "0", "2"], ["83904", "0.148506", "0", "3"], ["83753.4", "0.35819548", "0", "1"]], "ts": "1742544104406", "checksum": -1412577130, "seqId": 49919890448, "prevSeqId": 49919890408}], "record_time": 1742544104.400232, "EXCHANGE": "OKX"}
{"arg": {"channel": "books", "instId": "BTC-USDT"}, "action": "update", "data": [{"asks": [["83951", "0.03611983", "0", "2"], ["83962.3", "0", "0", "0"], ["83962.4", "0.06246629", "0", "1"], ["83977.7", "0.2925", "0", "2"], ["83977.8", "0.17009525", "0", "1"], ["84089.1", "0", "0", "0"]], "bids": [["83941.2", "0.38418762", "0", "3"], ["83933.7", "0.09590299", "0", "2"], ["83933.6", "0", "0", "0"], ["83917.6", "0", "0", "0"], ["83916.8", "1.2408489", "0", "4"], ["83916", "0.32065409", "0", "5"], ["83894.2", "0.13015817", "0", "1"], ["83892.4", "0", "0", "0"], ["83751.8", "0.0179", "0", "1"], ["83751.1", "0.35801514", "0", "2"], ["83750.3", "0.00003545", "0", "1"]], "ts": "1742544104506", "checksum": 1424375429, "seqId": 49919890479, "prevSeqId": 49919890448}], "record_time": 1742544104.48684, "EXCHANGE": "OKX"}
{"arg": {"channel": "books", "instId": "BTC-USDT"}, "action": "update", "data": [{"asks": [["83951", "0.01151983", "0", "1"], ["83962.2", "0", "0", "0"], ["83962.4", "0", "0", "0"], ["83963.1", "0", "0", "0"], ["83963.3", "0.06834777", "0", "1"], ["83966.6", "0.00460884", "0", "3"], ["83969.2", "0", "0", "0"], ["83971.1", "0", "0", "0"], ["83971.8", "0", "0", "0"], ["83972.1", "0.09402384", "0", "1"], ["83974.4", "0", "0", "0"], ["83976.2", "0", "0", "0"], ["83977.2", "0", "0", "0"], ["83977.8", "0", "0", "0"], ["83978.4", "0.2383486", "0", "1"], ["83980.6", "0", "0", "0"], ["83980.8", "0.15534143", "0", "1"], ["83986.2", "0.00001201", "0", "1"], ["83991", "0", "0", "0"], ["84089.1", "0.00002215", "0", "1"], ["84089.7", "0.00001068", "0", "1"], ["84090.2", "0.00074396", "0", "1"], ["84090.4", "0.0000334", "0", "3"], ["84090.8", "0.00378203", "0", "2"], ["84090.9", "0.09075053", "0", "5"], ["84091.2", "0.00001297", "0", "1"], ["84091.7", "0.00421745", "0", "2"], ["84091.9", "0.00020878", "0", "1"]], "bids": [["83935.1", "0", "0", "0"], ["83934.9", "0", "0", "0"], ["83933.7", "0.03", "0", "1"], ["83929.9", "0", "0", "0"], ["83927.9", "0", "0", "0"], ["83925", "0.2383486", "0", "1"], ["83924.9", "0.00422066", "0", "1"], ["83922.1", "0", "0", "0"], ["83917.6", "0.0008", "0", "2"], ["83916.8", "1.2404489", "0", "3"], ["83916", "0.32025437", "0", "4"], ["83750", "0.00120697", "0", "5"], ["83749.9", "0.00077293", "0", "4"], ["83749.7", "0.10722", "0", "1"], ["83749.6", "0.008927", "0", "1"]], "ts": "1742544104606", "checksum": 31631180, "seqId": 49919890561, "prevSeqId": 49919890479}], "record_time": 1742544104.651933, "EXCHANGE": "OKX"}
{"arg": {"channel": "books", "instId": "BTC-USDT"}, "action": "update", "data": [{"asks": [["83951", "0", "0", "0"], ["83953.9", "0", "0", "0"], ["83954", "0", "0", "0"], ["83954.8", "0.04611998", "0", "4"], ["83955.9", "0.0542331", "0", "2"], ["83956.5", "0.11917851", "0", "2"], ["83958", "0.13850855", "0", "2"], ["83960.6", "0", "0", "0"], ["83962.3", "0.00624313", "0", "1"], ["83963.3", "0", "0", "0"], ["83963.9", "0", "0", "0"], ["83964.4", "0.00011161", "0", "1"], ["83965.2", "0.06449582", "0", "1"], ["83965.4", "0", "0", "0"], ["83965.5", "0.06435457", "0", "2"], ["83966.3", "0.06928557", "0", "1"], ["83967.6", "0.01853", "0", "1"], ["83968.4", "0.37282885", "0", "4"], ["83969.2", "0.03860906", "0", "1"], ["83969.7", "0.06524829", "0", "1"], ["83969.8", "0", "0", "0"], ["83970.6", "0", "0", "0"], ["83970.7", "0", "0", "0"], ["83971.9", "0.04", "0", "1"], ["83972.1", "0", "0", "0"], ["83972.2", "0.10237941", "0", "1"], ["83974.3", "0.09874341", "0", "2"], ["83975", "0.09825827", "0", "4"], ["83975.6", "0.0556", "0", "1"], ["83977.1", "0.0104983", "0", "1"], ["83977.6", "0.29557601", "0", "3"], ["83978.4", "0", "0", "0"], ["83979.2", "0.22261931", "0", "2"], ["83980.8", "0", "0", "0"], ["83980.9", "0.16343393", "0", "1"], ["83983.8", "0.15590135", "0", "1"], ["83984", "0.00001189", "0", "1"], ["83984.8", "0.0008", "0", "2"], ["83985.4", "0", "0", "0"], ["83985.6", "0.0004", "0", "1"], ["83985.8", "0.23836687", "0", "2"], ["83989.4", "0.17485986", "0", "2"], ["83990.4", "0", "0", "0"], ["83991.2", "0.08001199", "0", "3"], ["83992", "0.03999999", "0", "1"], ["83995.5", "0", "0", "0"], ["84092.9", "0.35715411", "0", "2"]], "bids": [["83954.7", "0.83322024", "0", "14"], ["83954", "0.21426245", "0", "2"], ["83953.8", "0.1710811", "0", "3"], ["83953.3", "0.00765", "0", "1"], ["83952", "0.0352", "0", "1"], ["83950.9", "0.30913466", "0", "7"], ["83950.4", "0.03860906", "0", "1"], ["83950.1", "0", "0", "0"], ["83948.7", "0.02295", "0", "1"], ["83946.8", "0.14639008", "0", "2"], ["83946.7", "0.0899221", "0", "2"], ["83946.2", "0.35770987", "0", "1"], ["83945.3", "0", "0", "0"], ["83943.9", "0.016", "0", "1"], ["83943.8", "0", "0", "0"], ["83942.1", "0.04", "0", "1"], ["83938.3", "0.0660938", "0", "1"], ["83937.9", "0.32180402", "0", "5"], ["83936.8", "0.06133062", "0", "2"], ["83936.2", "0", "0", "0"], ["83933.1", "0.06358022", "0", "1"], ["83930.9", "0.21511112", "0", "2"], ["83930.3", "0.01192114", "0", "1"], ["83929.9", "0.23833427", "0", "1"], ["83928.1", "0.10125404", "0", "1"], ["83925.2", "0.10471942", "0", "2"], ["83925", "0", "0", "0"], ["83920.6", "0.02435628", "0", "1"], ["83917.6", "0.00079971", "0", "2"], ["83909", "0", "0", "0"], ["83908.8", "0.106", "0", "4"], ["83908.7", "0.01", "0", "1"], ["83908", "0.05722217", "0", "3"], ["83907.2", "0", "0", "0"], ["83906.4", "0.1", "0", "2"], ["83905.6", "0.05", "0", "1"], ["83904.8", "0", "0", "0"], ["83904.7", "0.02153334", "0", "1"], ["83904", "0.098506", "0", "2"], ["83901.2", "0.03594991", "0", "1"], ["83899.1", "0", "0", "0"], ["83874.2", "0.00268444", "0", "1"], ["83870.8", "0", "0", "0"], ["83848.2", "0.00105446", "0", "1"], ["83844.8", "0", "0", "0"], ["83753.5", "0", "0", "0"], ["83753.4", "0", "0", "0"], ["83751.8", "0", "0", "0"], ["83751.1", "0", "0", "0"], ["83750.3", "0", "0", "0"], ["83750", "0", "0", "0"], ["83749.9", "0", "0", "0"], ["83749.7", "0", "0", "0"], ["83749.6", "0", "0", "0"]], "ts": "1742544104706", "checksum": 1231257910, "seqId": 49919890923, "prevSeqId": 49919890561}], "record_time": 1742544104.686213, "EXCHANGE": "OKX"}
{"arg": {"channel": "books", "instId": "BTC-USDT"}, "action": "update", "data": [{"asks": [["83954.8", "0.07891998", "0", "6"], ["83958.7", "0", "0", "0"], ["83965", "0.06685272", "0", "1"], ["83965.2", "0", "0", "0"], ["83965.4", "0.06461104", "0", "1"], ["83965.5", "0.00006", "0", "1"], ["83966.3", "0", "0", "0"], ["83969.5", "0.06265265", "0", "1"], ["83969.7", "0", "0", "0"], ["83972", "0.10371654", "0", "1"], ["83972.2", "0", "0", "0"], ["83973.9", "0.20223481", "0", "3"], ["83974.1", "0.32490011", "0", "3"], ["83974.3", "0.00003392", "0", "1"], ["83974.9", "0.10309048", "0", "1"], ["83975", "0.00010892", "0", "3"], ["83977.4", "0.16352165", "0", "2"], ["83977.6", "0.198", "0", "2"], ["83979", "0.16916607", "0", "1"], ["83979.2", "0.05672004", "0", "1"], ["83980.8", "0.1538746", "0", "1"], ["83980.9", "0", "0", "0"], ["83983.1", "0.23833826", "0", "1"], ["83983.8", "0", "0", "0"], ["83985.8", "0.0000326", "0", "1"], ["83989.1", "0.15511255", "0", "1"], ["83989.4", "0.01936", "0", "1"], ["83999.3", "0.12596689", "0", "2"], ["84091.9", "0", "0", "0"], ["84092.9", "0", "0", "0"]], "bids": [["83954.7", "0.62398782", "0", "12"], ["83950.9", "0.29721765", "0", "6"], ["83942.7", "0.0104983", "0", "1"], ["83938.3", "0", "0", "0"], ["83938.1", "0.07031439", "0", "1"], ["83937.9", "0.25515015", "0", "4"], ["83937.7", "0.06220478", "0", "1"], ["83936.8", "0.00001199", "0", "1"], ["83936.7", "0.06678331", "0", "1"], ["83933.1", "0", "0", "0"], ["83932.9", "0.06527515", "0", "1"], ["83930.9", "0.11920281", "0", "1"], ["83930.7", "0.10104989", "0", "1"], ["83929.9", "0", "0", "0"], ["83928.1", "0.23833826", "0", "1"], ["83927.9", "0.09288946", "0", "1"], ["83925.2", "0.00011161", "0", "1"], ["83925", "0.10086524", "0", "1"], ["83920.6", "0", "0", "0"], ["83909.2", "0.02435628", "0", "1"], ["83902", "0.1", "0", "1"], ["83875.2", "0.00268438", "0", "1"], ["83874.2", "0", "0", "0"], ["83852.3", "0.00599994", "0", "1"], ["83809.5", "0.00176991", "0", "1"], ["83806.7", "0", "0", "0"], ["83761.5", "0", "0", "0"], ["83757.6", "0", "0", "0"], ["83756.4", "0", "0", "0"], ["83755.8", "0", "0", "0"], ["83755.1", "0", "0", "0"], ["83753.8", "0", "0", "0"], ["83753.7", "0", "0", "0"]], "ts": "1742544104806", "checksum": -2006667831, "seqId": 49919891022, "prevSeqId": 49919890923}], "record_time": 1742544104.8465, "EXCHANGE": "OKX"}
{"arg": {"channel": "books", "instId": "BTC-USDT"}, "action": "update", "data": [{"asks": [["83966.1", "0.06855177", "0", "1"], ["83983.6", "0.15700982", "0", "1"], ["83987.8", "0.00014502", "0", "2"], ["84005.1", "0", "0", "0"], ["84007.8", "0.00008624", "0", "1"], ["84091.2", "0", "0", "0"], ["84091.7", "0", "0", "0"]], "bids": [["83954.7", "0.59528382", "0", "10"], ["83954", "0.14993734", "0", "2"], ["83950.9", "0.09471765", "0", "5"], ["83946.7", "0.00001199", "0", "1"], ["83932.8", "0.08373", "0", "1"], ["83918.4", "0.0008", "0", "2"], ["83917.6", "0.00039971", "0", "1"], ["83916.8", "1.24004918", "0", "2"], ["83904.7", "0", "0", "0"], ["83902.9", "0.1", "0", "1"], ["83902", "0", "0", "0"], ["83852.3", "0.00611861", "0", "2"], ["83850", "0.00012001", "0", "1"], ["83762.9", "0", "0", "0"]], "ts": "1742544104906", "checksum": -1373512019, "seqId": 49919891049, "prevSeqId": 49919891022}], "record_time": 1742544104.885612, "EXCHANGE": "OKX"}
{"arg": {"channel": "books", "instId": "BTC-USDT"}, "action": "update", "data": [{"asks": [["83954.8", "0.27534667", "0", "8"], ["83958.7", "0.00103578", "0", "1"], ["83962.6", "0.31801048", "0", "1"], ["83963.1", "0.01853", "0", "1"], ["83964.3", "0.06488938", "0", "1"], ["83964.8", "0.07911216", "0", "4"], ["83965", "0", "0", "0"], ["83965.4", "0", "0", "0"], ["83966.1", "0", "0", "0"], ["83966.3", "0.35734", "0", "1"], ["83967.6", "0", "0", "0"], ["83968.9", "0.06926537", "0", "1"], ["83969.4", "0.0556", "0", "1"], ["83969.5", "0", "0", "0"], ["83971.3", "0.30874162", "0", "2"], ["83972", "0", "0", "0"], ["83973.6", "0.11933337", "0", "2"], ["83974.1", "0.225", "0", "2"], ["83974.3", "0.09706461", "0", "2"], ["83974.9", "0", "0", "0"], ["83975.6", "0", "0", "0"], ["83976.7", "0.1015463", "0", "1"], ["83977.4", "0.05956312", "0", "1"], ["83978.3", "0.16129504", "0", "1"], ["83979", "0", "0", "0"], ["83980.2", "0.15840569", "0", "1"], ["83980.8", "0", "0", "0"], ["83983.6", "0", "0", "0"], ["83988.5", "0.1716341", "0", "1"], ["83989.1", "0", "0", "0"], ["84091.2", "0.00001297", "0", "1"], ["84091.7", "0.00421745", "0", "2"]], "bids": [["83954.7", "0.29224014", "0", "7"], ["83954", "0.11431178", "0", "2"], ["83953.8", "0.13513119", "0", "2"], ["83953.3", "0", "0", "0"], ["83948.9", "0.00765", "0", "1"], ["83948.7", "0", "0", "0"], ["83942.6", "0.02296", "0", "1"], ["83938.2", "0.03", "0", "1"], ["83938.1", "0", "0", "0"], ["83937.7", "0", "0", "0"], ["83937.5", "0.06132238", "0", "1"], ["83937", "0.17393664", "0", "3"], ["83936.7", "0", "0", "0"], ["83936.1", "0.0673107", "0", "1"], ["83932.9", "0", "0", "0"], ["83932.2", "0.06443495", "0", "1"], ["83930.7", "0", "0", "0"], ["83930", "0.09525965", "0", "1"], ["83927.9", "0", "0", "0"], ["83927.4", "0.10213226", "0", "1"], ["83925", "0", "0", "0"], ["83924.4", "0.09514128", "0", "1"]], "ts": "1742544105006", "checksum": 1280728415, "seqId": 49919891114, "prevSeqId": 49919891049}], "record_time": 1742544104.985719, "EXCHANGE": "OKX"}
{"arg": {"channel": "books", "instId": "BTC-USDT"}, "action": "update", "data": [{"asks": [["83958.7", "0.00310734", "0", "3"], ["83964.2", "0.07832592", "0", "3"], ["83964.3", "0", "0", "0"], ["83964.8", "0.07495802", "0", "4"], ["83965.6", "0.06387335", "0", "1"], ["83968.9", "0.06657753", "0", "1"], ["83971.2", "0.09496105", "0", "1"], ["83971.3", "0.20895255", "0", "1"], ["83974.3", "0.10272231", "0", "2"], ["83976.7", "0.10246834", "0", "1"], ["83978.2", "0.15949829", "0", "1"], ["83978.3", "0", "0", "0"], ["83980.2", "0.15526935", "0", "1"], ["83983.1", "0.39718507", "0", "2"], ["83988.5", "0.15775646", "0", "1"], ["84007.8", "0", "0", "0"], ["84063.8", "0", "0", "0"], ["84071.1", "0.183521", "0", "1"]], "bids": [["83954.7", "0.20920472", "0", "7"], ["83937.5", "0", "0", "0"], ["83937", "0.1126598", "0", "2"], ["83936.9", "0.36252514", "0", "3"], ["83936.1", "0.06470503", "0", "1"], ["83933.7", "0", "0", "0"], ["83932.2", "0.06279622", "0", "1"], ["83930", "0", "0", "0"], ["83929.9", "0.09228815", "0", "1"], ["83928.8", "0.0953338", "0", "1"], ["83924.4", "0.10291945", "0", "1"], ["83762.9", "0.47752943", "0", "2"]], "ts": "1742544105106", "checksum": -1946291998, "seqId": 49919891160, "prevSeqId": 49919891114}], "record_time": 1742544105.091189, "EXCHANGE": "OKX"}
{"arg": {"channel": "books", "instId": "BTC-USDT"}, "action": "update", "data": [{"asks": [["83954.8", "0.22525339", "0", "7"], ["83958.7", "0.00414312", "0", "4"], ["83963.5", "0", "0", "0"], ["83964.2", "0.01070509", "0", "2"], ["83964.8", "0.010015", "0", "3"], ["83968.9", "0", "0", "0"], ["83971.2", "0", "0", "0"], ["83974.3", "0.00003392", "0", "1"], ["83976.7", "0", "0", "0"], ["83978.2", "0", "0", "0"], ["83980.2", "0", "0", "0"], ["83982.1", "0.23834574", "0", "1"], ["83983.1", "0.15884681", "0", "1"], ["83988.5", "0", "0", "0"], ["84091.9", "0.00020878", "0", "1"], ["84092.9", "0.35715411", "0", "2"], ["84093", "0.00011112", "0", "1"], ["84094.5", "0.29843442", "0", "2"], ["84095", "0.01493332", "0", "1"], ["84095.3", "0.2025", "0", "1"]], "bids": [["83954.7", "0.36755641", "0", "9"], ["83950.9", "0.07448765", "0", "3"], ["83948.1", "0.24", "0", "1"], ["83936.9", "0.29461361", "0", "2"], ["83936.1", "0", "0", "0"], ["83932.2", "0", "0", "0"], ["83929.9", "0", "0", "0"], ["83928.8", "0", "0", "0"], ["83928.1", "0", "0", "0"], ["83924.9", "0.2425664", "0", "2"], ["83924.4", "0", "0", "0"], ["83924.2", "0", "0", "0"], ["83914.1", "0", "0", "0"], ["83910.4", "0.026", "0", "2"], ["83909.6", "0.013", "0", "1"], ["83908.8", "0.08", "0", "2"], ["83908", "0.04422217", "0", "2"], ["83761.5", "0.00382379", "0", "1"], ["83757.6", "0.00041134", "0", "1"], ["83756.4", "0.03", "0", "1"], ["83755.8", "0.07163681", "0", "1"], ["83755.1", "0.00001009", "0", "1"]], "ts": "1742544105206", "checksum": -1831864990, "seqId": 49919891203, "prevSeqId": 49919891160}], "record_time": 1742544105.186766, "EXCHANGE": "OKX"}
{"arg": {"channel": "books", "instId": "BTC-USDT"}, "action": "update", "data": [{"asks": [["83965.6", "0", "0", "0"], ["83973.6", "0.01853", "0", "1"], ["83983.1", "0", "0", "0"], ["83987.8", "0.00007302", "0", "1"], ["84008.9", "0.00008624", "0", "1"], ["84096", "0.00006328", "0", "1"]], "bids": [["83954.7", "0.36754564", "0", "9"], ["83927.4", "0", "0", "0"], ["83753.8", "0.00001201", "0", "1"]], "ts": "1742544105306", "checksum": 1930331554, "seqId": 49919891222, "prevSeqId": 49919891203}], "record_time": 1742544105.372567, "EXCHANGE": "OKX"}
{"arg": {"channel": "books", "instId": "BTC-USDT"}, "action": "update", "data": [{"asks": [], "bids": [["83894", "0.09999999", "0", "1"], ["83753.8", "0", "0", "0"]], "ts": "1742544105406", "checksum": 1930331554, "seqId": 49919891224, "prevSeqId": 49919891222}], "record_time": 1742544105.385223, "EXCHANGE": "OKX"}
{"arg": {"channel": "books", "instId": "BTC-USDT"}, "action": "update", "data": [{"asks": [["83984", "0.00081189", "0", "3"], ["83984.8", "0.0004", "0", "1"], ["83985.6", "0", "0", "0"], ["83987.4", "0.0044685", "0", "1"]], "bids": [["83954.7", "0.27779648", "0", "7"], ["83894", "0", "0", "0"], ["83753.8", "0.00001201", "0", "1"]], "ts": "1742544105506", "checksum": 1309053571, "seqId": 49919891234, "prevSeqId": 49919891224}], "record_time": 1742544105.488132, "EXCHANGE": "OKX"}
{"arg": {"channel": "books", "instId": "BTC-USDT"}, "action": "update", "data": [{"asks": [["83954.8", "0.37937797", "0", "9"], ["83956.5", "0.12117851", "0", "3"], ["83960.5", "0.01853", "0", "1"], ["83962.6", "0.18438766", "0", "1"], ["83963.1", "0", "0", "0"], ["83963.8", "0", "0", "0"], ["83966.3", "0", "0", "0"], ["83966.6", "0.00660884", "0", "4"], ["83982", "1", "0", "1"], ["84096.3", "0.00006578", "0", "2"]], "bids": [["83954.7", "0.30977939", "0", "7"], ["83948.9", "0", "0", "0"], ["83948.1", "0", "0", "0"], ["83946.3", "0.00765", "0", "1"], ["83934.3", "0.002", "0", "1"], ["83924.2", "0.002", "0", "1"], ["83753.8", "0", "0", "0"]], "ts": "1742544105606", "checksum": -1203297413, "seqId": 49919891266, "prevSeqId": 49919891234}], "record_time": 1742544105.585234, "EXCHANGE": "OKX"}
{"arg": {"channel": "books", "instId": "BTC-USDT"}, "action": "update", "data": [{"asks": [["83962.6", "0.16987532", "0", "2"], ["83963.8", "0.35734", "0", "1"], ["83982", "0", "0", "0"]], "bids": [["83950.9", "0.07447765", "0", "2"], ["83911", "1", "0", "1"], ["83908.9", "0.11394965", "0", "1"], ["83755.8", "0", "0", "0"], ["83755.1", "0", "0", "0"]], "ts": "1742544105706", "checksum": 163653494, "seqId": 49919891284, "prevSeqId": 49919891266}], "record_time": 1742544105.712351, "EXCHANGE": "OKX"}
{"arg": {"channel": "books", "instId": "BTC-USDT"}, "action": "update", "data": [{"asks": [["83987.4", "0", "0", "0"], ["83990.4", "0.08", "0", "2"], ["83991.2", "0.04001199", "0", "2"], ["83992", "0", "0", "0"], ["84004.7", "0.02299247", "0", "1"], ["84008.9", "0", "0", "0"], ["84098.1", "0.00013944", "0", "2"]], "bids": [["83954.7", "0.30589855", "0", "8"], ["83909.2", "0", "0", "0"], ["83755.8", "0.07163681", "0", "1"]], "ts": "1742544105806", "checksum": 1648381955, "seqId": 49919891298, "prevSeqId": 49919891284}], "record_time": 1742544105.789348, "EXCHANGE": "OKX"}
{"arg": {"channel": "books", "instId": "BTC-USDT"}, "action": "update", "data": [{"asks": [["83954.8", "0.30987797", "0", "8"], ["83982.1", "0.2383419", "0", "1"], ["83986", "0.4945925", "0", "2"], ["84008.9", "0.00008624", "0", "1"], ["84098.1", "0", "0", "0"]], "bids": [["83954.7", "0.31360397", "0", "8"], ["83926.7", "0.2383419", "0", "1"], ["83924.9", "0.00422066", "0", "1"], ["83755.8", "0", "0", "0"]], "ts": "1742544105906", "checksum": 1344571478, "seqId": 49919891314, "prevSeqId": 49919891298}], "record_time": 1742544105.900634, "EXCHANGE": "OKX"}
{"arg": {"channel": "books", "instId": "BTC-USDT"}, "action": "update", "data": [{"asks": [["83954.8", "0.28017797", "0", "7"], ["83959.2", "0", "0", "0"], ["83961.4", "0.04", "0", "1"], ["83982.1", "0.23834029", "0", "1"], ["83986", "0.49079", "0", "1"], ["83990.4", "0", "0", "0"], ["83991.2", "0.08001199", "0", "3"], ["83992", "0.03999999", "0", "1"], ["84006", "0", "0", "0"], ["84006.9", "0.01261493", "0", "1"]], "bids": [["83951", "0.0104983", "0", "1"], ["83942.7", "0", "0", "0"], ["83932.2", "0.00476575", "0", "1"], ["83926.7", "0.23834029", "0", "1"], ["83911", "0", "0", "0"], ["83908.5", "0.02435628", "0", "1"], ["83887.2", "0.01835151", "0", "1"], ["83886", "0", "0", "0"], ["83815.1", "0.18351511", "0", "1"], ["83814", "0", "0", "0"], ["83756.4", "0", "0", "0"]], "ts": "1742544106006", "checksum": 2025610994, "seqId": 49919891343, "prevSeqId": 49919891314}], "record_time": 1742544105.994745, "EXCHANGE": "OKX"}
{"arg": {"channel": "books", "instId": "BTC-USDT"}, "action": "update", "data": [{"asks": [["83954.8", "0.07891998", "0", "6"], ["83960.5", "0", "0", "0"], ["83966.6", "0.02513884", "0", "5"], ["83979.2", "0", "0", "0"], ["83979.6", "0.23834371", "0", "1"], ["83982.1", "0", "0", "0"], ["83984", "0.00001189", "0", "1"], ["83984.8", "0.0008", "0", "2"], ["83985.1", "0.05910755", "0", "1"], ["83985.6", "0.0004", "0", "1"], ["83988.6", "0.0000105", "0", "1"], ["84096.3", "0", "0", "0"]], "bids": [["83954.7", "0.30937397", "0", "7"], ["83952.4", "0.00765", "0", "1"], ["83951", "0", "0", "0"], ["83946.8", "0.15688838", "0", "3"], ["83946.3", "0", "0", "0"], ["83938.6", "0", "0", "0"], ["83929.3", "0", "0", "0"], ["83926.7", "0.23834371", "0", "1"], ["83917.8", "0.05733804", "0", "1"], ["83912.8", "0", "0", "0"], ["83908.5", "0", "0", "0"], ["83853.3", "0.00011869", "0", "1"], ["83852.3", "0.00599994", "0", "1"], ["83849.1", "0.00105435", "0", "1"], ["83848.2", "0", "0", "0"], ["83810.2", "0.00176959", "0", "1"], ["83809.5", "0", "0", "0"], ["83756.4", "0.03", "0", "1"], ["83755.8", "0.07163681", "0", "1"], ["83755.1", "0.00001009", "0", "1"]], "ts": "1742544106106", "checksum": -495149390, "seqId": 49919891431, "prevSeqId": 49919891343}], "record_time": 1742544106.08609, "EXCHANGE": "OKX"}
{"arg": {"channel": "books", "instId": "BTC-USDT"}, "action": "update", "data": [{"asks": [["83979.6", "0", "0", "0"], ["83982.1", "0.23834358", "0", "1"]], "bids": [["83954.7", "0.33384397", "0", "9"], ["83941.1", "0.41734", "0", "3"], ["83932.1", "0.133577", "0", "1"], ["83755.1", "0", "0", "0"]], "ts": "1742544106206", "checksum": -405403076, "seqId": 49919891451, "prevSeqId": 49919891431}], "record_time": 1742544106.220064, "EXCHANGE": "OKX"}
{"arg": {"channel": "books", "instId": "BTC-USDT"}, "action": "update", "data": [{"asks": [["83964.3", "0.17867", "0", "1"], ["83965", "0.06477337", "0", "1"], ["83965.4", "0.06659044", "0", "1"], ["83969.5", "0.06693884", "0", "1"], ["83972", "0.09860935", "0", "1"], ["83974.1", "0.31852174", "0", "3"], ["83977.3", "0.2162127", "0", "2"], ["83979", "0.16879424", "0", "1"], ["83980.8", "0.15518214", "0", "1"], ["83989.1", "0.17564322", "0", "1"], ["84091.7", "0", "0", "0"], ["84091.9", "0", "0", "0"], ["84092.9", "0", "0", "0"], ["84093", "0", "0", "0"], ["84094.5", "0", "0", "0"], ["84095", "0", "0", "0"], ["84095.3", "0", "0", "0"], ["84096", "0", "0", "0"]], "bids": [["83937.7", "0.06122468", "0", "1"], ["83936.7", "0.06905578", "0", "1"], ["83932.9", "0.0685676", "0", "1"], ["83930.7", "0.09815117", "0", "1"], ["83927.9", "0.10097407", "0", "1"], ["83925", "0.09562993", "0", "1"], ["83763", "0", "0", "0"], ["83762.9", "0", "0", "0"], ["83761.5", "0", "0", "0"], ["83757.6", "0", "0", "0"], ["83756.4", "0", "0", "0"], ["83755.8", "0", "0", "0"]], "ts": "1742544106306", "checksum": 1436280126, "seqId": 49919891472, "prevSeqId": 49919891451}], "record_time": 1742544106.286371, "EXCHANGE": "OKX"}
{"arg": {"channel": "books", "instId": "BTC-USDT"}, "action": "update", "data": [{"asks": [], "bids": [["83894", "0.09999999", "0", "1"], ["83763.7", "0", "0", "0"]], "ts": "1742544106506", "checksum": 1436280126, "seqId": 49919891480, "prevSeqId": 49919891472}], "record_time": 1742544106.488707, "EXCHANGE": "OKX"}
{"arg": {"channel": "books", "instId": "BTC-USDT"}, "action": "update", "data": [{"asks": [["83966.1", "0.06450022", "0", "1"], ["83974.9", "0.10150217", "0", "1"], ["83983.6", "0.15311138", "0", "1"], ["83991", "0.2", "0", "1"], ["84021.2", "0", "0", "0"], ["84090.8", "0", "0", "0"], ["84090.9", "0", "0", "0"], ["84091.2", "0", "0", "0"]], "bids": [["83954.7", "0.32961397", "0", "8"], ["83938.1", "0.06788435", "0", "1"], ["83856.5", "0", "0", "0"]], "ts": "1742544106606", "checksum": -1596463550, "seqId": 49919891499, "prevSeqId": 49919891480}], "record_time": 1742544106.598045, "EXCHANGE": "OKX"}
{"arg": {"channel": "books", "instId": "BTC-USDT"}, "action": "update", "data": [{"asks": [["83961.7", "0.24", "0", "1"], ["83964.9", "0.07009233", "0", "1"], ["83965", "0", "0", "0"], ["83971.9", "0.1439315", "0", "2"], ["83972", "0", "0", "0"], ["83978.9", "0.28625822", "0", "4"], ["83979", "0", "0", "0"], ["83979.6", "0.23834657", "0", "1"], ["83982.1", "0", "0", "0"], ["83984", "1.00081189", "0", "4"], ["83984.8", "0.0004", "0", "1"], ["83985.6", "0", "0", "0"], ["83991", "0", "0", "0"], ["84031.7", "0.26213725", "0", "3"], ["84090.8", "0.00378203", "0", "2"], ["84090.9", "0.09075053", "0", "5"], ["84091.2", "0.00001297", "0", "1"]], "bids": [["83954.7", "0.30937397", "0", "7"], ["83937.7", "0", "0", "0"], ["83937.6", "0.0657761", "0", "1"], ["83930.7", "0", "0", "0"], ["83930.6", "0.10166296", "0", "1"], ["83926.7", "0", "0", "0"], ["83925.1", "0.23834657", "0", "1"], ["83894", "0", "0", "0"], ["83867", "0.14308364", "0", "2"], ["83766.2", "0.1432557", "0", "2"], ["83763.7", "0.000012", "0", "1"]], "ts": "1742544106706", "checksum": 172964855, "seqId": 49919891542, "prevSeqId": 49919891499}], "record_time": 1742544106.752931, "EXCHANGE": "OKX"}
{"arg": {"channel": "books", "instId": "BTC-USDT"}, "action": "update", "data": [{"asks": [["83954.8", "0.22595339", "0", "7"], ["83961.7", "0", "0", "0"], ["83961.8", "0", "0", "0"], ["83964.1", "0.01853", "0", "1"], ["83964.5", "0.06215351", "0", "1"], ["83964.9", "0.06737166", "0", "1"], ["83965.4", "0", "0", "0"], ["83965.7", "0.06919253", "0", "1"], ["83966.1", "0", "0", "0"], ["83966.6", "0.00660884", "0", "4"], ["83969", "0.06868189", "0", "2"], ["83969.5", "0", "0", "0"], ["83971.5", "0.09232853", "0", "1"], ["83971.9", "0.04", "0", "1"], ["83973.7", "0.09964276", "0", "1"], ["83974.1", "0.225", "0", "2"], ["83974.4", "0.09773448", "0", "1"], ["83974.9", "0", "0", "0"], ["83976.9", "0.09477311", "0", "1"], ["83977.3", "0.11928427", "0", "1"], ["83978.5", "0.295708", "0", "2"], ["83978.9", "0.11487481", "0", "3"], ["83980.3", "0.17124671", "0", "1"], ["83980.8", "0", "0", "0"], ["83983.2", "0.30540281", "0", "2"], ["83983.6", "0", "0", "0"], ["83988.6", "0.17398892", "0", "2"], ["83989.1", "0", "0", "0"], ["84091.7", "0.00421745", "0", "2"]], "bids": [["83954.7", "0.31362647", "0", "8"], ["83952.4", "0", "0", "0"], ["83949.9", "0.00765", "0", "1"], ["83938.1", "0", "0", "0"], ["83937.7", "0.06470898", "0", "1"], ["83937.6", "0", "0", "0"], ["83937.2", "0.06493339", "0", "1"], ["83936.7", "0", "0", "0"], ["83936.2", "0.06838208", "0", "1"], ["83932.9", "0", "0", "0"], ["83932.4", "0.06871979", "0", "1"], ["83930.6", "0", "0", "0"], ["83930.2", "0.09371383", "0", "1"], ["83927.9", "0", "0", "0"], ["83927.5", "0.10223627", "0", "2"], ["83925", "0", "0", "0"], ["83924.6", "0.21930971", "0", "2"], ["83763", "0.17915015", "0", "1"], ["83762.9", "0.47752943", "0", "2"]], "ts": "1742544106806", "checksum": 1248644049, "seqId": 49919891590, "prevSeqId": 49919891542}], "record_time": 1742544106.786167, "EXCHANGE": "OKX"}
{"arg": {"channel": "books", "instId": "BTC-USDT"}, "action": "update", "data": [{"asks": [["83954.8", "0.30977797", "0", "8"], ["83964.3", "0.24170804", "0", "2"], ["83964.5", "0", "0", "0"], ["83965.6", "0.06554713", "0", "1"], ["83965.7", "0", "0", "0"], ["83968.9", "0.0675949", "0", "1"], ["83969", "0.00005514", "0", "1"], ["83971.3", "0.30338061", "0", "2"], ["83971.5", "0", "0", "0"], ["83973.6", "0.11274339", "0", "2"], ["83973.7", "0", "0", "0"], ["83976.7", "0.10277223", "0", "1"], ["83976.9", "0", "0", "0"], ["83978.3", "0.15540028", "0", "1"], ["83978.5", "0.12507", "0", "1"], ["83983.1", "0.15569197", "0", "1"], ["83983.2", "0.14082475", "0", "1"], ["83984", "0.00001189", "0", "1"], ["83984.8", "0.0008", "0", "2"], ["83985.6", "0.0004", "0", "1"], ["83988.5", "0.16627076", "0", "1"], ["83988.6", "0.0000105", "0", "1"], ["84091.2", "0", "0", "0"], ["84091.7", "0", "0", "0"]], "bids": [["83954.7", "0.30980189", "0", "7"], ["83949.9", "0", "0", "0"], ["83937.7", "0", "0", "0"], ["83937.6", "0.06756419", "0", "1"], ["83937.2", "0", "0", "0"], ["83937", "0.18181832", "0", "3"], ["83932.4", "0", "0", "0"], ["83932.3", "0.06495093", "0", "1"], ["83930.2", "0", "0", "0"], ["83930", "0.09717712", "0", "1"], ["83927.5", "0.000015", "0", "1"], ["83927.4", "0.10180299", "0", "1"], ["83924.6", "0.11928427", "0", "1"], ["83924.5", "0.18498932", "0", "2"], ["83761.5", "0.00382379", "0", "1"]], "ts": "1742544106906", "checksum": 1415706952, "seqId": 49919891630, "prevSeqId": 49919891590}], "record_time": 1742544106.942581, "EXCHANGE": "OKX"}
{"arg": {"channel": "books", "instId": "BTC-USDT"}, "action": "update", "data": [{"asks": [["83961.9", "0.01853", "0", "1"], ["83964.1", "0", "0", "0"], ["84008.9", "0", "0", "0"], ["84091.2", "0.00001297", "0", "1"]], "bids": [["83947.7", "0.00765", "0", "1"], ["83909", "1", "0", "1"], ["83762.9", "0", "0", "0"], ["83761.5", "0", "0", "0"]], "ts": "1742544107006", "checksum": -1887148529, "seqId": 49919891637, "prevSeqId": 49919891630}], "record_time": 1742544106.98596, "EXCHANGE": "OKX"}
{"arg": {"channel": "books", "instId": "BTC-USDT"}, "action": "update", "data": [{"asks": [["83954.8", "0.0346", "0", "3"], ["83955.9", "0", "0", "0"], ["83956.5", "0.00201199", "0", "2"], ["83958", "0.0352", "0", "1"], ["83959", "0.11916307", "0", "1"], ["83961.9", "0", "0", "0"], ["83963.8", "0", "0", "0"], ["83964.3", "0", "0", "0"], ["83964.7", "0.01191615", "0", "1"], ["83964.9", "0", "0", "0"], ["83965.6", "0", "0", "0"], ["83968.2", "0.01192777", "0", "2"], ["83968.9", "0", "0", "0"], ["83969.4", "0", "0", "0"], ["83971.3", "0.20895255", "0", "1"], ["83973.6", "0.01853", "0", "1"], ["83974.4", "0", "0", "0"], ["83975.5", "0.0556", "0", "1"], ["83976.4", "0", "0", "0"], ["83976.7", "0", "0", "0"], ["83978.3", "0", "0", "0"], ["83978.5", "0", "0", "0"], ["83979.6", "0", "0", "0"], ["83980.3", "0", "0", "0"], ["83983.1", "0", "0", "0"], ["83985", "0.23832892", "0", "1"], ["83988.5", "0", "0", "0"], ["83999.5", "0", "0", "0"], ["84008.9", "0.00008624", "0", "1"], ["84091.7", "0.00421745", "0", "2"], ["84091.9", "0.00020878", "0", "1"], ["84092.9", "0.35715411", "0", "2"], ["84093", "0.00011112", "0", "1"], ["84094.5", "0.29843442", "0", "2"], ["84095", "0.01493332", "0", "1"], ["84095.3", "0.2025", "0", "1"], ["84096", "0.00006328", "0", "1"], ["84096.3", "0.00006578", "0", "2"], ["84098.1", "0.00013944", "0", "2"], ["84099.3", "0.03", "0", "1"], ["84099.4", "0.03", "0", "1"], ["84099.9", "0.0071791", "0", "5"]], "bids": [["83954.7", "0.42396313", "0", "11"], ["83949.4", "0.08991011", "0", "1"], ["83948.7", "0.02295", "0", "1"], ["83942.6", "0", "0", "0"], ["83941.1", "0.06", "0", "2"], ["83937.6", "0", "0", "0"], ["83937", "0.1126598", "0", "2"], ["83936.2", "0", "0", "0"], ["83934.4", "0.11928427", "0", "1"], ["83933.8", "0.003573", "0", "1"], ["83933.5", "0.23832938", "0", "1"], ["83932.3", "0", "0", "0"], ["83930", "0", "0", "0"], ["83927.4", "0", "0", "0"], ["83925.1", "0", "0", "0"], ["83924.5", "0.08991011", "0", "1"], ["83915.6", "0", "0", "0"], ["83909", "0", "0", "0"], ["83904", "0.0054", "0", "1"], ["83762.9", "0.47752943", "0", "2"], ["83761.5", "0.00382379", "0", "1"], ["83757.6", "0.00041134", "0", "1"], ["83756.4", "0.03", "0", "1"], ["83755.1", "0.00001009", "0", "1"]], "ts": "1742544107106", "checksum": -1404073739, "seqId": 49919891836, "prevSeqId": 49919891637}], "record_time": 1742544107.085664, "EXCHANGE": "OKX"}
